2925 4375
398 684 458 725 10

1399 190 1468 249 T.
1505 190 1665 247 LIVI

532 195 631 247 102
2357 190 2518 257 [xlvi.
2558 194 2592 245 9

496 372 845 449 videretur,
892 377 1244 453 postquam
1285 372 1541 437 omissis
1584 373 1774 437 rebus
1819 372 1959 437 aliis
2002 393 2158 454 prae
2201 394 2359 436 cura
2400 374 2592 437 unius

495 493 687 537 nemo
742 472 989 548 adibat,
1046 472 1317 535 domum
1370 492 1438 535 se
1495 474 1756 553 recepit,
1815 472 2200 553 collegisque
2253 472 2322 535 in
2379 480 2595 536 castra

494 572 739 648 scribit,
794 592 875 635 ne
929 570 1230 651 Verginio
1284 580 1725 636 commeatum
1778 573 1958 649 dent,
2015 579 2217 653 atque
2267 573 2474 635 etiam
2527 574 2594 637 in

494 671 793 735 custodia
818 671 1125 734 habeant.
1200 670 1584 751 Improbum
1609 671 1946 735 consilium
1968 692 2206 748 serum,
2237 677 2312 735 ut
2337 672 2592 749 debuit,

496 771 642 847 fuit,
676 777 745 843 et
776 771 907 833 iam
940 776 1313 833 commeatu
1344 778 1610 851 sumpto
1643 771 1974 851 profectus
2006 771 2347 850 Verginius
2380 772 2596 852 prima

497 870 717 950 vigilia
744 877 907 946 erat,
940 890 1090 932 curn
1123 879 1381 950 postero
1413 871 1518 934 die
1551 890 1741 934 mane
1772 870 1853 934 de
1884 870 2225 934 retinendo
2254 891 2334 934 eo
2365 872 2596 952 nequi-

494 991 695 1051 quam
737 969 991 1033 litterae
1030 969 1410 1033 redduntur.

622 1069 895 1133 XLVII.
945 1071 1034 1132 At
1078 1070 1146 1133 in
1190 1071 1350 1133 urbe
1409 1072 1622 1151 prima
1680 1070 1819 1135 luce
1865 1092 2013 1135 curn
2061 1072 2294 1135 civitas
2338 1072 2596 1143 inforo

494 1170 952 1252 expectatione
1006 1177 1224 1233 erecta
1278 1177 1506 1247 staret,
1564 1172 1904 1250 Verginius
1959 1171 2334 1234 sordidatus
2391 1171 2596 1233 filiam

494 1291 716 1335 secum
744 1270 997 1333 obsolet
1026 1277 1269 1347 aveste‚
1296 1270 1766 1334 comitantibus
1793 1270 2044 1351 aliquot
2073 1272 2410 1347 matroniS,
2443 1291 2595 1334 cum

498 1369 830 1449 ingentiad
870 1369 1213 1432 vocatione
1257 1370 1324 1432 in
1369 1370 1584 1432 forum
1620 1369 1904 1433 deducit.
1994 1369 2345 1433 Circumire
2389 1369 2480 1432 ibi
2525 1376 2595 1433 et

498 1490 800 1551 prensare
844 1469 1137 1533 homines
1182 1469 1417 1549 coepit,
1462 1476 1531 1533 et
1576 1491 1708 1533 non
1750 1490 1934 1534 orare
1977 1469 2187 1532 solum
2232 1470 2593 1549 precariam

496 1590 709 1650 opem,
764 1570 876 1632 sed
930 1590 1047 1649 pro
1101 1569 1327 1632 debita
1377 1576 1623 1649 petere:
1677 1590 1745 1632 se
1798 1590 1914 1649 pro
1969 1568 2184 1632 liberis
2235 1589 2462 1631 eorum
2518 1591 2593 1633 ac

500 1669 879 1748 coniugibus
923 1668 1192 1732 cottidie
1236 1668 1302 1731 in
1348 1669 1483 1732 acie
1524 1675 1718 1745 stare,
1764 1690 1882 1732 nec
1927 1667 2126 1732 alium
2172 1668 2387 1731 virum
2431 1689 2591 1745 esse,
2649 1690 2654 1695 ’

498 1770 681 1831 cuius
726 1776 989 1831 strenue
1036 1789 1110 1830 ac
1157 1768 1414 1831 fortiter
1459 1768 1638 1831 facta
1683 1769 1751 1830 in
1797 1767 1964 1831 bello
2012 1767 2201 1848 plura
2247 1770 2594 1831 memorari

498 1875 761 1949 possent
772 1890 789 1945 ,·
849 1868 1005 1949 quid
1065 1869 1385 1946 prodesse,
1446 1868 1502 1931 si
1559 1862 1884 1930 incolumi
1926 1869 2103 1945 urbe,
2165 1888 2335 1949 quae
2396 1875 2595 1948 capta

497 1968 732 2030 ultima
765 1968 1141 2043 timeantur,
1168 1967 1381 2030 liberis
1414 1969 1548 2031 suis
1581 1968 1712 2031 sint
1747 1968 2096 2048 patienda?
2183 1968 2364 2030 Haec
2387 1988 2594 2047 prope

496 2067 1065 2131 contionabundus
1147 2068 1530 2130 circumibat
1597 2068 1907 2130 homines.
1999 2067 2247 2130 Similia
2325 2068 2425 2130 his
2508 2068 2594 2131 ab

498 2167 678 2231 Icilio
701 2167 1137 2231 iactabantur.
1228 2168 1596 2231 Comitatus
1635 2166 1964 2231 muliebris
2002 2167 2148 2248 plus
2186 2168 2391 2230 tacito
2433 2168 2593 2231 fletu

497 2289 696 2349 quam
727 2268 859 2330 ulla
887 2289 1020 2330 vox
1043 2268 1372 2331 movebat.
1464 2268 1794 2331 Adversus
1817 2289 1986 2349 quae
2007 2268 2229 2330 omnia
2250 2267 2590 2331 obstinato

498 2369 715 2431 animo
752 2368 1003 2448 Appius
1030 2403 1111 2411 —
1136 2375 1329 2430 tanta
1363 2368 1463 2431 vis
1499 2367 1825 2430 amentiae
1863 2368 2076 2430 verius
2113 2387 2313 2448 quarn
2351 2369 2593 2431 amoris

496 2475 783 2531 mentem
861 2468 1246 2532 turbaverat
1272 2503 1354 2511 —-
1377 2468 1444 2529 in
1522 2467 1809 2530 tribunal
1885 2467 2192 2544 escendit,
2271 2472 2339 2530 et
2417 2467 2594 2530 ultro

496 2576 807 2649 querente
850 2590 1061 2648 pauca
1103 2568 1401 2648 petitore,
1448 2567 1624 2648 quod
1669 2567 1768 2630 ius
1810 2567 1932 2630 sibi
1976 2567 2181 2647 pridie
2224 2587 2340 2647 per
2384 2567 2593 2630 ambi-

494 2669 740 2731 tionem
796 2669 1047 2730 dictum
1102 2689 1234 2730 non
1287 2675 1476 2743 esset,
1534 2667 1913 2746 priusquam
1971 2673 2086 2730 aut
2141 2666 2245 2729 ille
2299 2666 2594 2747 postula-

494 2773 639 2829 tum
689 2774 1023 2847 perageret
1074 2774 1190 2830 aut
1238 2766 1540 2846 Verginio
1591 2766 2022 2846 respondendi
2071 2766 2340 2829 daretur
2387 2766 2590 2842 locuS,

533 2976 637 3019 ἰο.
670 2975 1010 3020 redduntur:
1064 2976 1144 3018 “is
1196 2973 1494 3025 delivered‚”
1591 2972 1769 3017 done.”
1855 2973 2135 3025 prodesse:
2197 2975 2282 3024 (sc.
2337 2974 2449 3025 ἠως
2504 2973 2594 3019 the

492 3045 571 3087 Le.
596 3044 739 3093 given
761 3055 829 3094 up
852 3047 905 3086 to
928 3044 1014 3086 the
1036 3054 1129 3085 one
1150 3043 1428 3085 addressed.

557 3110 765 3153 XLVII.
802 3111 849 3152 1.
884 3108 1219 3160 sordidatum
1260 3113 1374 3152 etc.:
1414 3120 1494 3151 see

492 3189 558 3220 on
606 3179 647 3220 1.
696 3179 769 3220 10.
820 3179 859 3220 1.
938 3176 1237 3219 matronis:
1282 3176 1493 3226 perhaps

492 3244 705 3294 brought
736 3247 789 3286 to
820 3254 973 3296 prove
1002 3244 1087 3285 the
1115 3244 1493 3285 circumstances

491 3313 544 3354 of
579 3312 847 3361 Verginia’s
882 3310 1033 3353 birth.
1100 3308 1492 3353 advocatione:

501 3397 545 3413 --
571 3379 874 3421 multitudine
901 3379 1243 3420 advocatorum.

554 3447 605 3488 2.
639 3446 970 3497 precariam:
1066 3455 1121 3486 as
1215 3444 1494 3494 something

492 3513 697 3563 granted
732 3513 784 3554 in
818 3521 1005 3554 answer
1038 3515 1091 3553 to
1124 3510 1200 3552 his
1233 3521 1408 3560 preces,-
1441 3511 1490 3552 in

490 3581 771 3631 opposition
814 3583 867 3622 to
910 3589 995 3628 pro
1036 3578 1189 3620 debita
1236 3578 1320 3626 (sc.
1363 3577 1490 3627 ope).

489 3645 665 3690 iacta:
703 3646 1029 3693 substantive,
1070 3645 1161 3687 but
1200 3643 1285 3686 the
1321 3643 1490 3686 verbal

490 3713 601 3757 idea
637 3715 677 3755 is
716 3716 909 3764 present
949 3710 1167 3760 strongly
1207 3709 1399 3758 enough
1437 3713 1491 3751 to

488 3782 664 3834 justify
687 3780 772 3823 the
794 3779 1025 3826 adverbs;
1048 3777 1273 3827 literally,
1301 3775 1491 3818 “deeds

1589 3041 1849 3084 rhetorical
1887 3042 2113 3090 question
2149 3042 2190 3083 is
2225 3041 2485 3092 expressed
2521 3041 2592 3094 by

1591 3108 1676 3151 the
1702 3109 1838 3151 infin.
1867 3109 1919 3150 in
1945 3108 2088 3150 indir.
2118 3108 2236 3151 disc.
2297 3109 2361 3159 81,
2392 3112 2507 3151 etc.:
2537 3127 2583 3142 =

1589 3175 1634 3217 ci
1683 3174 1913 3218 incolumi
1966 3175 2078 3216 urbe
2127 3185 2183 3216 ea
2221 3175 2392 3217 ultima
2430 3175 2594 3218 liberis

1589 3243 1692 3284 suis
1730 3242 1827 3284 eim
1865 3241 2104 3291 patienda,
2146 3251 2265 3292 quae
2301 3243 2440 3292 capta
2478 3243 2594 3285 urbe

1589 3309 1856 3351 timeantur.

1651 3377 1702 3418 4.
1736 3375 1861 3427 plus
1912 3405 1925 3418 .
1977 3404 1990 3418 .
2041 3404 2055 3418 .
2102 3375 2391 3419 movebat:
2438 3375 2594 3428 “pro-

1589 3443 1746 3485 duced
1771 3453 1906 3484 more
1928 3443 2124 3486 effect.''
2179 3443 2364 3486 verius
2387 3450 2591 3493 quam:

1591 3511 1814 3558 frequent
1857 3509 1909 3550 in
1953 3509 2078 3560 Livy
2119 3509 2195 3550 for
2235 3509 2388 3558 mauis
2429 3519 2589 3558 quam.

1591 3577 1661 3619 Cf.
1689 3577 1734 3618 9.
1767 3576 1838 3618 17.
1871 3577 1943 3618 16.
2002 3574 2177 3618 ultro:
2203 3586 2281 3617 see
2306 3585 2371 3616 on
2401 3576 2441 3617 1.
2469 3577 2515 3618 5.
2543 3577 2590 3619 3.

1549 3663 1558 3669 ·
1588 3644 1677 3686 ius
1712 3641 1818 3685 sibi
1858 3671 1871 3684 .
1911 3671 1924 3684 .
1965 3671 1978 3684 .
2014 3641 2257 3684 dietum:
2294 3641 2364 3682 “a
2397 3641 2591 3684 verdict

1587 3709 1638 3752 111
1668 3708 1744 3750 his
1773 3708 1968 3750 favor.''
2031 3708 2102 3750 Cf.
2135 3709 2211 3750 45.
2243 3709 2272 3750 3
2302 3706 2402 3750 and
2433 3708 2510 3750 46.
2544 3710 2591 3752 3.
