2925 4375
427 238 525 289 110
1340 234 1405 287 Τ.
1440 233 1600 287 LIVI
1641 248 1647 253 ·
2227 234 2450 297 [xxxiii.
2490 238 2528 287 2

425 416 789 497 voluptate,
836 421 1099 496 captam
1146 412 1342 495 Alpes
1387 415 1694 477 transisse
1740 435 2055 495 agrosque
2100 415 2184 479 ab
2229 416 2525 480 Etruscis

360 531 389 572 3
427 524 580 580 ante
635 517 844 579 cultos
898 514 1283 595 possedisse;
1338 521 1407 577 et
1460 515 1783 577 invexisse
1837 516 1904 576 in
1960 515 2237 578 Galliam
2294 518 2523 579 vinum

426 616 807 680 inliciendae
872 615 1082 695 gentis
1147 635 1344 676 causa
1408 615 1760 677 Arruntem
1826 614 2162 677 Clusinum
2226 616 2325 678 ira
2387 637 2527 679 cor-

426 723 659 796 ruptae
700 715 919 777 uxoris
959 714 1043 777 ab
1083 715 1480 789 Lucumone,
1523 714 1628 776 cui
1666 720 1850 777 tutor
1887 715 2024 794 ipse
2063 714 2298 792 fuerat,
2340 736 2526 796 prae-

426 822 697 899 potente
756 816 990 878 iuvene
1048 821 1115 876 et
1177 835 1215 876 a
1274 835 1403 895 quo
1462 814 1686 893 expeti
1743 834 2010 894 poenae,
2072 816 2196 877 nisi
2253 822 2528 879 externa

364 934 393 973 4
430 918 527 980 vis
573 915 872 997 quaesita
914 919 1104 990 esset,
1152 914 1524 994 nequirent;
1571 914 1743 976 hunc
1789 916 2281 978 transeuntibus
2330 915 2526 996 Alpes

427 1016 660 1078 ducem
697 1021 1160 1094 auctoremque
1193 1014 1483 1077 Clusium
1515 1014 1941 1093 oppugnandi
1972 1013 2186 1077 fuisse.

365 1132 395 1173 4
553 1111 839 1177 XXXV.
888 1114 1130 1176 Clusini
1187 1135 1359 1177 novo
1419 1112 1586 1175 bello
1645 1114 1957 1190 exterriti,
2019 1135 2168 1176 cum
2227 1115 2528 1178 multitu-

429 1216 669 1290 dinem,
731 1234 879 1276 cum
939 1214 1181 1275 formas
1240 1212 1580 1275 hominum
1636 1212 2008 1275 invisitatas
2067 1221 2400 1277 cernerent
2457 1220 2527 1277 et

430 1336 630 1396 genus
690 1334 1041 1389 armorum,
1103 1314 1534 1392 audirentque
1591 1332 1785 1391 saepe
1843 1313 1927 1375 ab
1984 1313 2061 1376 iis
2121 1314 2210 1376 cis
2269 1314 2526 1377 Padum

432 1415 732 1495 ultraque
767 1414 1047 1494 legiones
1084 1414 1508 1475 Etruscorum
1542 1411 1739 1488 fusas,
1776 1434 2179 1493 quamquam
2215 1412 2527 1477 adversus

434 1516 765 1577 Romanos
808 1513 1060 1576 nullum
1100 1514 1191 1575 eis
1233 1512 1332 1574 ius
1373 1512 1708 1574 societatis
1751 1514 2158 1575 amicitiaeve
2199 1520 2360 1590 erat,
2404 1513 2529 1576 nisi

433 1614 606 1695 quod
656 1614 958 1676 Veientes
1006 1612 1516 1691 consanguineos
1564 1612 1874 1675 adversus
1921 1612 2237 1694 populum
2287 1614 2529 1676 Roma-

432 1735 590 1776 num
650 1735 782 1776 non
842 1712 1303 1787 defendissent,
1365 1710 1613 1791 legatos
1675 1713 1976 1789 Romam,
2040 1714 2152 1794 qui
2213 1713 2528 1776 auxilium

368 1831 399 1873 5
434 1813 518 1877 ab
570 1820 804 1876 senatu
859 1819 1176 1892 peterent,
1236 1812 1484 1874 misere.
1577 1813 1674 1874 De
1731 1812 1970 1875 auxilio
2005 1812 2163 1874 nihil
2219 1814 2530 1892 impetra-

432 1920 604 1989 tum,
643 1913 839 1991 legati
877 1911 1133 1974 tres‘M.
1176 1911 1339 1974 Fabi
1378 1911 1685 1974 Ambusti
1723 1912 1835 1972 filii
1874 1912 2071 1989 missi,
2113 1913 2225 1994 qui
2261 1920 2529 1975 senatus

433 2012 784 2094 populique
847 2012 1129 2074 Romani
1189 2012 1450 2074 nomine
1511 2018 1774 2089 agerent
1835 2033 1984 2075 cum
2045 2012 2264 2089 Gallis,
2326 2033 2427 2089 ne,
2490 2034 2532 2075 a

434 2113 669 2194 quibus
698 2112 945 2174 nullam
974 2112 1277 2173 iniuriam
1306 2112 1726 2191 accepissent,
1756 2112 1964 2175 socios
1992 2111 2217 2193 populi
2247 2112 2530 2174 Romani

368 2229 399 2271 c
434 2219 632 2293 atque
676 2213 916 2275 amicos
958 2217 1441 2292 oppugnarent:
1527 2212 1841 2274 Romanis
1883 2232 1993 2275 eos
2035 2213 2202 2275 bello
2245 2233 2528 2294 quoque,

431 2313 482 2375 si
513 2333 612 2375 res
642 2317 852 2391 cogat,
876 2312 1157 2374 tuendos
1183 2331 1347 2388 esse;
1392 2311 1506 2373 sed
1531 2311 1758 2374 melius
1782 2313 1996 2374 visum
2034 2312 2276 2375 bellum
2314 2312 2530 2392 ipsum

432 2411 739 2488 amoveri,
776 2411 830 2474 si
864 2417 1103 2491 posset,
1141 2417 1208 2474 et
1244 2410 1482 2486 Gallos,
1520 2431 1763 2473 novam
1797 2418 2079 2490 gentem,
2116 2432 2276 2492 pace
2309 2413 2531 2492 potius

433 2512 727 2591 cognosci
768 2533 969 2591 quam
1010 2511 1223 2574 armis.

371 2631 392 2670 1
556 2612 877 2673 XXXVI.
928 2612 1104 2673 Mitis
1148 2610 1406 2690 legati0,
1453 2610 1521 2673 ni
1566 2611 1964 2690 praeferoces
2010 2609 2256 2691 legatos
2301 2611 2531 2675 Gallis-

431 2731 557 2792 que
616 2710 821 2790 magis
880 2732 1079 2791 quam
1141 2711 1457 2773 Romanis
1505 2709 1746 2773 similes
1796 2712 2149 2774 habuisset.
2253 2711 2528 2788 Quibus,

430 2817 783 2890 postquam
819 2804 825 2810 ’
864 2811 1180 2873 mandata
1256 2810 1602 2872 ediderunt
1679 2811 1746 2872 in
1825 2810 2092 2873 concilio
2172 2810 2528 2888 Gallorum,

367 2931 396 2970 2
429 2910 627 2972 datur
672 2931 1080 2989 responsum:
1126 2909 1251 2971 etsi
1297 2930 1544 2971 novum
1591 2931 1830 2972 nomen
1877 2911 2150 2974 audiant
2199 2913 2531 2974 Romano-

430 3031 594 3085 rum,
644 3018 868 3073 tamen
916 3010 1171 3072 credere
1218 3009 1389 3071 viros
1434 3009 1636 3072 fortes
1681 3030 1837 3086 esse,
1887 3031 2166 3091 quorum
2214 3010 2530 3073 auxilium

364 3129 394 3170 3
430 3131 469 3172 a
528 3108 804 3172 Clusinis
862 3109 929 3170 in
989 3129 1056 3171 re
1115 3109 1373 3188 trepida
1430 3108 1518 3171 sit
1576 3108 2028 3188 imploratum,
2087 3117 2155 3174 et
2215 3110 2529 3191 quoniam

431 3209 753 3288 legatione
790 3208 1101 3271 adversus
1136 3229 1205 3270 se
1241 3207 1590 3270 maluerint
1627 3230 1826 3288 quam
1865 3210 2060 3272 armis
2097 3210 2265 3272 tueri
2299 3210 2526 3285 sociOS‚

490 3361 539 3403 8.
572 3359 657 3403 ira
686 3390 698 3403 .
729 3391 742 3403 .
772 3390 785 3403 .
810 3358 1022 3404 uxorin
1046 3370 1125 3402 see
1149 3370 1213 3401 on
1243 3360 1283 3402 1.
1309 3360 1354 3402 5.
1381 3359 1425 3402 3.
1527 3359 1746 3404 alliance.

428 3429 519 3471 cm
543 3457 557 3470 .
581 3457 594 3470 .
618 3457 631 3470 .
650 3427 862 3471 ruerat:
880 3439 960 3470 see
978 3437 1043 3468 on
1061 3437 1164 3477 quo.
1188 3429 1232 3469 2.
1252 3428 1329 3470 32.
1354 3428 1426 3470 11.
1591 3429 1639 3470 6.
1672 3429 1838 3479 cocat
1883 3457 1898 3471 .
1943 3458 1956 3471 .
2003 3459 2015 3472 .
2057 3429 2267 3480 posset:
2308 3429 2529 3480 changed

490 3495 706 3539 XXXV.
740 3496 790 3538 4.
825 3494 1091 3538 adversus
1120 3496 1428 3538 Romanos:
1527 3495 1666 3546 point
1715 3495 1766 3536 of
1812 3495 1952 3538 view.
2034 3496 2106 3538 Cf.
2155 3497 2344 3546 necetur
2390 3528 2402 3540 .
2452 3528 2465 3540 .
2515 3528 2530 3540 .

436 3582 479 3597 =
506 3574 614 3606 cum
644 3562 890 3605 Romanis.
1527 3561 1714 3611 possent
1745 3561 1840 3609 (36.
1868 3561 1938 3611 4).

492 3634 539 3676 5.
572 3630 745 3681 legati
790 3659 803 3672 .
848 3659 861 3672 .
907 3658 920 3672 .
962 3629 1143 3672 missi:
1182 3629 1304 3671 with
1342 3628 1429 3671 ad·
1590 3626 1834 3670 XXXVI.
1871 3629 1919 3671 1.
1953 3629 2110 3672 mma
2156 3658 2170 3673 .
2215 3659 2228 3672 .
2273 3659 2286 3672 .
2326 3629 2411 3672 nl:
2451 3640 2532 3672 see

426 3699 673 3742 versative
716 3698 861 3740 force.
936 3697 1131 3746 societ,
1176 3700 1291 3738 etc.:
1335 3696 1428 3739 but
1526 3705 1591 3737 on
1626 3696 1666 3736 1.
1698 3697 1773 3738 48.
1806 3697 1850 3738 9.

426 3777 507 3808 see
541 3764 730 3807 nullum
766 3765 847 3806 ius
890 3763 978 3812 (4).
1050 3763 1155 3805 The
1191 3763 1425 3812 Romans,
1590 3762 1640 3804 8.
1694 3761 1880 3806 aliter:
1976 3774 2007 3807 a
2101 3762 2390 3816 diplomatic
2483 3761 2531 3808 εἰ

427 3832 666 3881 however,
698 3841 815 3882 may
842 3829 973 3873 have
1001 3829 1146 3872 made
1174 3839 1204 3873 a
1232 3828 1428 3873 hurried
1527 3827 1707 3874 minua.
