2925 4375
364 1124 423 1167 10

364 1524 419 1567 11

364 1724 424 1766 12

364 2025 422 2067 13

364 2425 423 2466 14

364 2525 422 2567 15

456 232 559 286 140
1360 229 1426 285 Τ.
1461 228 1620 285 LIVI
2405 226 2482 293 [ii.
2517 233 2549 286 8

457 418 572 475 aut
634 410 887 487 eadem,
951 429 1085 490 qua
1146 416 1214 473 te
1276 410 1727 485 insinuaveriS,
1792 415 1966 474 retro
2031 409 2140 474 via
2201 411 2551 491 repetenda

457 517 594 587 aut,
630 510 685 573 si
718 510 810 573 ire
842 529 1033 589 porro
1065 529 1316 589 pergas,
1352 529 1468 589 per
1501 509 1699 572 alium
1732 509 1977 572 saltum
2003 510 2318 574 artiorem
2353 512 2550 591 impe-

456 610 892 690 ditioremque
918 609 1351 672 evadendum.
1443 608 1524 671 In
1567 628 1717 671 eum
1763 628 2069 687 campum
2115 610 2226 673 via
2269 611 2398 673 alia
2439 630 2551 689 per
2610 688 2614 693 .

458 729 691 773 cavam
751 728 979 789 rupem
1042 708 1326 771 Romani
1383 708 1664 771 demisso
1724 708 1980 787 agmine
2039 728 2188 771 cum
2250 710 2333 773 ad
2395 708 2549 773 alias

459 810 793 889 angustias
846 808 1145 888 protinus
1198 812 1558 887 pergerent,
1614 813 1876 887 saeptas
1935 807 2193 871 deiectu
2249 809 2550 871 arborum

456 928 895 989 saxorumque
1014 908 1375 987 ingentium
1490 907 1830 970 obiacente
1945 908 2115 971 mole
2228 908 2546 971 invenere.

458 1010 622 1072 Cum
695 1010 873 1071 fraus
942 1007 1193 1071 hostilis
1264 1006 1691 1086 apparuisset,
1753 1007 2147 1087 praesidium
2216 1008 2418 1071 etiam
2487 1008 2552 1070 in

456 1128 714 1173 summo
770 1108 944 1171 saltu
1002 1107 1413 1186 conspicitur.
1503 1106 1705 1170 Citati
1759 1106 1911 1170 inde
1966 1113 2159 1184 retro,
2209 1128 2343 1188 qua
2399 1128 2552 1171 ven-

458 1214 665 1284 erant,
734 1214 1012 1288 pergunt
1079 1213 1366 1286 repetere
1431 1206 1628 1269 viam.
1719 1207 1886 1269 Eam
1951 1227 2212 1288 quoque
2267 1206 2549 1271 clausam

458 1328 578 1372 sua
645 1308 828 1371 obice
898 1306 1223 1387 armisque
1278 1306 1642 1369 inveniunt.
1733 1307 1989 1370 Sistunt
2057 1307 2208 1370 inde
2277 1307 2550 1386 gradum

458 1408 595 1471 81110
640 1406 832 1471 11111118
874 1407 1167 1487 imperiO,
1212 1413 1573 1486 stuporque
1615 1406 1910 1468 omnium
1955 1407 2206 1470 animos
2253 1428 2326 1469 ac
2373 1406 2552 1470 velut

459 1514 684 1587 torpor
752 1507 1021 1587 quidam
1089 1506 1387 1569 insolitus
1456 1506 1753 1569 membra
1820 1512 2024 1584 tenet,
2093 1507 2553 1587 intuentesque

460 1607 567 1671 alii
609 1606 786 1684 alios,
830 1627 979 1670 cum
1022 1605 1298 1669 alterum
1340 1605 1616 1686 quisque
1657 1612 2028 1687 compotem
2069 1607 2274 1685 magis
2315 1606 2552 1669 mentis

460 1728 533 1771 ac
588 1706 833 1771 consilii
884 1706 1216 1783 ducerent,
1271 1706 1385 1768 diu
1436 1705 1802 1769 immobiles
1851 1706 2064 1769 silent.
2156 1707 2406 1770 Deinde
2442 1706 2553 1768 ubi

458 1807 786 1887 praetoria
846 1806 1183 1869 consulum
1244 1805 1400 1885 erigi
1461 1806 1681 1869 videre
1739 1812 1808 1869 et
1868 1806 2173 1886 expedire
2233 1805 2552 1886 quosdam

459 1906 647 1970 utilia
707 1906 905 1985 operi,
971 1925 1374 1987 quamquam
1438 1904 1718 1969 ludibrio
1780 1906 1918 1969 fore
1981 1907 2348 1969 munientes
2412 1926 2554 1985 per-

458 2006 613 2068 ditis
658 2005 850 2070 rebus
896 2026 969 2069 ac
1015 2026 1129 2086 spe
1174 2002 1353 2069 omni
1400 2004 1714 2085 adempta
1755 2005 2132 2081 cernebant,
2180 2012 2426 2081 tamen,
2474 2025 2555 2067 ne

460 2105 720 2187 culpam
778 2094 967 2169 malis
1028 2106 1365 2180 adderent,
1427 2125 1546 2186 pro
1605 2125 1674 2167 se
1734 2106 2010 2186 quisque
2069 2126 2185 2169 nec
2247 2106 2555 2168 hortante

460 2207 590 2269 ullo
636 2226 751 2270 nec
797 2207 1161 2286 imperante
1209 2205 1290 2268 ad
1339 2205 1768 2268 muniendum
1816 2205 1983 2269 versi
2029 2214 2244 2269 castra
2288 2213 2555 2286 propter

461 2325 702 2387 aquam
768 2304 939 2368 vallo
1005 2306 1433 2380 circumdant,
1501 2326 1622 2368 sua
1684 2305 1808 2385 ipsi
1872 2326 2071 2386 opera
2135 2305 2553 2387 laboremque

457 2406 749 2482 inritum,
794 2411 1253 2486 praeterquam
1298 2404 1474 2485 quod
1519 2405 1739 2468 hostes
1781 2405 2059 2486 superbe
2102 2405 2550 2486 increpabant,

458 2526 606 2568 cum
701 2505 1047 2568 miserabili
1142 2505 1542 2568 confessione
1634 2504 1992 2570 eludentes.
2083 2506 2185 2568 Ad
2257 2504 2550 2568 consules

458 2611 761 2681 maestos,
822 2625 903 2667 ne
961 2605 1358 2668 advocantes
1418 2603 1683 2685 quidem
1741 2605 1809 2667 in
1867 2605 2227 2682 consilium,
2288 2603 2552 2686 quando

458 2725 574 2768 nec
631 2705 894 2768 consilio
950 2725 1065 2768 nec
1122 2703 1362 2767 auxilio
1417 2703 1596 2766 locus
1648 2712 1837 2781 esset,
1893 2726 2014 2768 sua
2065 2711 2299 2786 sponte
2353 2704 2549 2784 legati

460 2826 533 2868 ac
589 2805 835 2868 tribuni
889 2805 1307 2880 conveniunt,
1368 2803 1733 2884 militesque
1790 2805 1873 2868 ad
1929 2806 2327 2885 praetorium
2383 2803 2552 2866 versi

458 2924 670 2984 opem,
703 2924 903 2984 quam
949 2904 1063 2967 vix
1104 2903 1193 2965 dii
1236 2903 1640 2969 immortales
1683 2904 1846 2968 ferre
1889 2911 2216 2984 poterant,
2248 2905 2331 2968 ab
2374 2903 2552 2986 duci-

519 3091 571 3134 9.
604 3099 761 3135 eum:
799 3090 919 3132 such
955 3101 1010 3133 as
1046 3091 1148 3144 Just
1187 3088 1455 3133 described.
1555 3100 1610 3131 as
1631 3090 1738 3133 well
1761 3101 1814 3132 as
1837 3090 1922 3134 the
1944 3090 2221 3134 difficulties
2242 3091 2295 3134 of
2315 3091 2402 3133 the
2422 3100 2550 3142 pass,

458 3158 551 3201 via
572 3158 705 3200 alia:
726 3158 803 3200 Le.
826 3157 1000 3208 primis
1019 3158 1256 3208 auyustiis
1282 3158 1362 3206 (cf.
1384 3157 1454 3206 8).
1553 3155 1680 3198 loses
1739 3157 1950 3207 nothing
2009 3159 2060 3201 in
2123 3157 2292 3209 Livy's
2353 3157 2552 3208 graphio

458 3233 554 3276 per
585 3254 598 3267 .
630 3253 643 3268 .
675 3253 689 3266 .
714 3233 939 3274 rupem:
968 3225 1222 3275 “through
1248 3235 1278 3266 a
1304 3224 1456 3274 rocky
1555 3228 1781 3266 account.

460 3292 653 3342 gorge.’'
713 3291 933 3335 deiectu
979 3291 1268 3334 arborum:
1305 3309 1347 3323 =
1380 3292 1457 3333 de·
1619 3291 1698 3333 12.
1731 3289 1973 3334 ludibrio
2009 3290 2151 3334 tore:
2187 3301 2254 3334 sc.
2291 3301 2362 3340 se,-
2400 3290 2550 3334 “that

457 3359 591 3402 iectis
633 3359 891 3408 arboribus,
918 3360 1009 3402 but
1054 3360 1173 3402 used
1218 3360 1292 3401 for
1326 3369 1457 3408 sym·
1556 3357 1674 3408 they
1707 3358 1866 3401 would
1899 3368 2082 3409 appear
2112 3358 2427 3400 ridiculous.”

459 3430 621 3479 metry
665 3427 787 3469 with
832 3426 917 3469 the
960 3427 1299 3469 construction
1344 3426 1454 3468 that
1619 3424 1698 3466 13.
1733 3425 1900 3467 versi:
1961 3424 2145 3466 middle
2200 3426 2355 3469 voice.
2449 3431 2552 3466 8118

460 3493 661 3537 follows.
1554 3493 1660 3541 ipsi
1689 3500 1866 3542 opera.
1893 3494 2006 3533 etc.:
2040 3490 2372 3533 “themselves
2395 3491 2553 3535 derid-

464 3579 476 3596 ο
523 3561 602 3602 10.
637 3567 739 3603 sua
782 3587 796 3602 .
840 3587 853 3602 .
897 3587 911 3601 .
949 3558 1257 3608 armisque:
1298 3557 1456 3600 “with
1554 3557 1638 3606 ing
1679 3557 1806 3608 their
1847 3568 1957 3599 own
1998 3557 2133 3599 work
2174 3557 2271 3600 and
2315 3557 2458 3600 effort
2501 3558 2551 3599 in

458 3629 523 3671 its
546 3638 657 3669 own
680 3625 935 3669 barricade
958 3625 1055 3668 and
1082 3625 1382 3674 assignment
1407 3625 1457 3666 of
1555 3623 1760 3675 pitiable
1803 3623 2104 3673 recognition
2149 3624 2200 3666 of
2243 3624 2308 3666 its
2351 3623 2552 3666 useless-

459 3694 627 3737 armed
671 3693 835 3735 men.”
931 3691 1088 3734 velut
1135 3720 1149 3733 .
1196 3721 1209 3733 .
1258 3720 1271 3732 .
1313 3691 1459 3734 inso-
1556 3692 1718 3732 ness.”

459 3763 620 3806 Utus:
648 3761 716 3802 “a
739 3763 935 3809 strange
950 3762 1049 3800 sort
1065 3759 1116 3799 of
1140 3757 1457 3800 numbneSS.'’
1620 3758 1700 3801 15.
1734 3757 1962 3808 quando
2021 3786 2035 3800 .
2096 3786 2110 3801 .
2171 3786 2186 3800 .
2241 3756 2411 3801 unet:
2467 3756 2552 3800 the

462 3827 564 3869 The
582 3825 773 3876 general
792 3824 1111 3875 helplessness
1128 3824 1179 3865 of
1197 3823 1283 3866 the
1300 3833 1455 3874 army,
1556 3822 1768 3873 thought
1795 3824 1847 3865 ot
1871 3824 1957 3867 the
1981 3824 2190 3866 consuls.
