2925 4375
368 450 428 492 10

367 950 422 990 11

366 1249 427 1289 12

466 253 565 303 112
1384 250 1449 305 Τ.
1487 249 1644 301 LIVI
2274 246 2488 311 [xxxvi.
2523 250 2560 302 9

462 432 735 496 ambitio
780 431 1109 495 obstabat.
1202 430 1439 511 Itaque
1495 450 1578 493 ne
1633 450 1830 510 penes
1888 430 2062 510 ipsos
2121 430 2313 510 culpa
2369 438 2558 505 esset,

460 532 516 595 si
566 532 779 595 clades
829 531 1042 594 forent
1092 529 1338 593 Gallico
1388 529 1558 592 bello
1609 538 1936 611 acceptae,
1989 530 2430 610 cognitionem
2479 530 2562 593 de

463 631 811 712 postulatis
878 629 1209 693 Gallorum
1279 630 1362 693 ad
1431 630 1750 710 populum
1816 630 2092 693 reiciunt
2103 652 2120 707 ;
2188 630 2302 692 ubi
2369 637 2562 694 tanto

461 731 607 811 plus
660 732 873 810 gratia
925 738 1126 809 atque
1177 750 1333 809 opes
1387 730 1668 805 valuere,
1727 737 1822 805 ut,
1880 750 2161 810 quorum
2215 729 2296 793 de
2349 751 2565 809 poena

463 832 798 910 agebatur,
859 830 1107 892 tribuni
1164 829 1447 891 militum
1506 829 1827 893 consulari
1884 836 2216 909 potestate
2271 828 2340 891 in
2397 830 2566 893 inse-

462 936 771 1011 quentem
847 949 1093 992 annum
1148 936 1539 991 crearentur.
1630 929 1777 1004 Quo
1848 929 2026 992 facto
2101 929 2278 992 haud
2351 951 2560 1006 schS,

462 1051 661 1109 quam
741 1030 1010 1107 dignum
1090 1035 1251 1105 erat,
1332 1029 1568 1091 infensi
1648 1029 1816 1091 Galli
1895 1028 2139 1091 bellum
2219 1030 2562 1109 propalam

462 1131 787 1192 minantes
823 1130 903 1192 ad
940 1150 1092 1191 suos
1125 1129 1417 1191 redeunt.
1509 1128 1780 1190 Tribuni
1825 1128 2110 1191 militum
2153 1150 2302 1191 cum
2347 1131 2562 1194 tribus

462 1230 679 1291 Fabiis
740 1229 939 1291 creati
999 1229 1073 1305 Q.
1138 1227 1457 1307 Sulpicius
1519 1230 1798 1307 Longus,
1863 1229 1936 1305 Q.
2002 1229 2308 1291 Servilius
2369 1251 2564 1309 quar-

461 1336 625 1405 tum,
673 1330 743 1390 P.
789 1327 1119 1391 Cornelius
1164 1327 1640 1406 Maluginensis,

586 1429 943 1491 XXXVII.
992 1429 1159 1490 Cum·
1228 1433 1420 1489 tanta
1491 1427 1691 1491 moles
1765 1429 1917 1491 mali
1988 1429 2263 1491 instaret
2289 1464 2374 1472 ——
2399 1430 2562 1492 adeo

459 1529 771 1591 obcaecat
840 1528 1089 1590 animos
1157 1527 1441 1603 fortuna,
1513 1527 1626 1589 ubi
1693 1529 1828 1589 vim
1895 1548 2082 1590 suam
2148 1528 2562 1607 ingruentem

460 1628 721 1707 refringi
771 1649 903 1689 non
954 1628 1099 1689 vult
1125 1662 1227 1704 ——,
1281 1628 1534 1703 civitas,
1589 1648 1758 1707 quae
1810 1628 2121 1690 adversus
2173 1628 2562 1691 Fidenatem

462 1750 534 1791 ac
587 1729 927 1790 Veientem
980 1727 1236 1790 hostem
1292 1726 1581 1806 aliosque
1633 1727 1945 1789 finitimos
1997 1726 2273 1807 populos
2325 1728 2566 1792 ultima

459 1829 795 1908 experiens
837 1826 1078 1889 auxilia
1116 1827 1508 1888 dictatorem
1551 1827 1775 1889 multis
1815 1828 2324 1905 tempestatibus
2363 1828 2564 1891 dixis-

458 1935 578 2003 set,
623 1948 702 1990 ea
744 1912 931 2002 tunc,
970 1927 1307 1989 invisitato
1353 1933 1554 2007 atque
1597 1926 1893 1988 inaudito
1938 1927 2125 1989 hoste
2170 1927 2253 1989 ab
2299 1928 2561 1991 Oceano

460 2034 910 2107 terrarumque
982 2027 1227 2088 ultimis
1297 2027 1424 2088 oris
1497 2025 1738 2087 bellum
1811 2027 2040 2102 ciente,
2113 2027 2272 2088 nihil
2343 2035 2563 2090 extra-

459 2127 766 2190 ordinarii
828 2126 1081 2206 imperii
1145 2133 1260 2190 aut
1327 2125 1550 2189 auxilii
1614 2127 1958 2207 quaesivit.
2065 2127 2357 2204 Tribuni,
2399 2149 2562 2209 quo-

459 2248 605 2289 rum
647 2228 1018 2290 temeritate
1060 2227 1301 2289 bellum
1346 2233 1758 2289 contractum
1801 2234 1962 2304 erat,
2005 2248 2301 2291 summae
2343 2249 2560 2292 rerum

460 2334 823 2406 praeerant,
888 2326 1329 2406 dilectumque
1391 2325 1591 2387 nihilo
1657 2328 2142 2402 accuratiorem,
2209 2349 2410 2408 quam
2475 2329 2558 2391 ad

460 2427 676 2488 media
706 2425 874 2488 bella
903 2426 1127 2488 haberi
1157 2425 1387 2487 solitus
1416 2432 1578 2500 erat,
1612 2433 2046 2488 extenuantes
2076 2428 2278 2489 etiam
2308 2427 2558 2490 famam

459 2524 628 2591 belli.
670 2526 1022 2588 habebant.

587 2624 857 2687 Interim
934 2625 1119 2701 Galli,
1196 2632 1549 2705 postquam
1626 2645 1926 2704 accepere
1998 2625 2170 2689 ultro
2244 2628 2557 2690 honorem

458 2725 759 2787 habitum
840 2724 1265 2788 violatoribus
1344 2726 1499 2788 iuris
1580 2725 1850 2787 humani
1929 2725 2308 2806 elusamque
2387 2726 2558 2806 lega-

459 2823 704 2886 tionem
765 2844 952 2886 suam
1013 2844 1169 2900 esse,
1237 2825 1585 2902 flagrantes
1646 2824 1759 2900 ira,
1825 2825 2007 2888 cuius
2067 2825 2394 2905 impotens
2454 2835 2555 2891 est

458 2944 632 3002 genS,
674 2924 1015 2986 confestim
1050 2924 1248 3002 signis
1288 2924 1613 2986 convulsis
1651 2924 1855 2986 citato
1896 2925 2152 3004 agmine
2188 2924 2312 2988 iter
2347 2927 2556 3006 ingre-

457 3023 744 3086 diuntur.
836 3024 936 3085 Ad
998 3044 1275 3103 quorum
1354 3025 1911 3103 praetereuntium
1990 3025 2232 3103 raptim
2311 3027 2554 3089 tumul-

457 3130 601 3185 tum
640 3145 786 3185 cum
823 3125 1169 3186 exterritae
1206 3124 1397 3186 urbes
1435 3123 1521 3186 ad
1561 3144 1743 3186 arma
1779 3131 2233 3187 concurrerent
2269 3125 2552 3206 fugaque

458 3224 810 3302 agrestium
867 3225 1067 3299 fieret,
1128 3225 1409 3286 Romam
1464 3243 1533 3286 se
1588 3223 1678 3285 ire
1735 3244 1970 3301 magno
2027 3223 2306 3287 clamore
2360 3226 2554 3304 signi-

519 3442 598 3484 10.
633 3450 899 3492 quorum:
929 3459 971 3475 =
998 3441 1053 3490 ii,
1086 3452 1298 3493 quorum.
1554 3445 1596 3485 2.
1634 3444 1705 3487 18.
1739 3444 1782 3485 2.
1814 3443 2061 3485 mentions
2092 3442 2242 3487 allies.

518 3509 787 3551 XXXVII.
824 3510 871 3552 1.
905 3510 1071 3553 tanta
1094 3510 1267 3553 moles
1292 3510 1453 3554 mall:
1614 3512 1663 3552 8.
1699 3511 1907 3553 media:
1933 3511 2255 3562 “ordinary.”

455 3578 679 3627 “danger
705 3578 756 3618 of
780 3577 899 3618 such
925 3578 1263 3626 magnitude.'’
1322 3577 1454 3621 ulti·
1613 3578 1663 3619 4.
1697 3577 1872 3620 ultro:
1903 3589 1982 3620 see
2013 3589 2076 3620 on
2115 3581 2154 3621 1.
2187 3581 2232 3622 5.
2265 3581 2311 3622 3.
2373 3581 2552 3632 impo-

455 3652 551 3687 ma
591 3673 604 3686 .
646 3673 659 3686 .
701 3673 714 3686 .
752 3645 981 3687 auxilia:
1020 3646 1201 3694 “using
1237 3645 1321 3687 the
1354 3644 1451 3688 last
1551 3646 1701 3688 tens:
1730 3645 1978 3687 “without
2008 3646 2249 3688 control.”

453 3716 672 3753 extreme
704 3712 755 3752 of
786 3711 949 3762 help.'’
1616 3715 1663 3755 5.
1698 3712 1768 3756 ad
1812 3742 1824 3755 .
1869 3742 1882 3755 .
1926 3742 1939 3755 .
1979 3713 2330 3757 tumultum:
2367 3717 2548 3759 causal.

517 3778 566 3820 2.
600 3777 761 3828 mhll,
808 3783 921 3820 etc.:
969 3779 1094 3828 Livy
1138 3783 1453 3828 exaggerates
1553 3780 1656 3823 The
1669 3782 1785 3824 tum.
1803 3781 2016 3823 Gallicus
2030 3782 2232 3824 became
2253 3783 2548 3834 proverbial.

452 3845 505 3892 in
541 3845 615 3890 his
652 3845 885 3891 fatalistic
922 3849 1147 3891 account.
1220 3845 1453 3898 Polybius
1552 3847 1928 3894 immensum:
1955 3860 2034 3893 see
2061 3848 2254 3894 Introd.
2280 3851 2336 3896 V.
2363 3851 2404 3894 2.
2432 3863 2477 3895 α.
