2925 4375
451 242 522 295 74
1347 240 1414 291 T.
1451 238 1613 292 mvl

2424 240 2565 306 [i.5

451 440 672 484 rorum
693 420 1062 501 caritasque
1079 421 1284 499 ipsius
1301 420 1442 494 soli,
1461 421 1567 479 cui
1588 420 1783 498 longo
1802 429 2101 499 tempore
2122 420 2559 497 adsumitur,

385 531 418 573 θ
453 521 706 584 animos
783 539 1008 581 eorum
1065 520 1537 581 consociasset?

1622 519 1997 598 Dissipatae
2076 541 2179 582 ιω
2258 522 2563 583 nondum

453 620 720 683 adultae
772 619 1096 682 discordia
1149 620 1384 693 forent,
1439 638 1609 698 quas
1660 620 1829 681 fovit
1900 620 2259 701 tranquilla
2330 620 2562 683 mode-

451 721 622 784 ratio
653 720 926 799 imperii,
949 738 1158 798 eoque
1183 718 1535 779 nutriendo
1562 718 1895 795 perduxit,
1918 729 1994 780 ut
2024 718 2267 781 bonam
2301 721 2563 799 frugem

386 832 418 875 7
452 820 776 883 libertatis
825 819 1102 880 maturis
1135 819 1266 879 iam
1303 818 1551 879 viribus
1598 818 1765 877 ferre
1814 829 2101 896 possent.

2198 820 2563 883 Libertatis

453 930 677 984 autem
741 919 1054 996 originem
1115 917 1268 978 inde
1333 917 1559 994 magis,
1623 917 1781 996 quia
1844 938 2139 979 annuum
2204 919 2562 997 imperium

453 1019 788 1083 consulare
827 1019 1078 1079 factum
1117 1027 1238 1091 oet,
1278 1036 1481 1096 quam
1520 1014 1699 1096 quod
1738 1016 2155 1078 deminutum
2195 1018 2561 1098 quicquam

385 1131 420 1173 8
451 1121 540 1183 sit
601 1139 686 1180 ex
749 1118 922 1196 regia
987 1124 1338 1195 potestate,
1405 1134 1726 1177 numeres
1815 1116 2053 1177 Omnia
2118 1115 2284 1191 iura,
2334 1118 2563 1180 omnia

451 1218 726 1297 insignia
782 1216 974 1296 primi
1031 1215 1324 1277 consules
1377 1224 1673 1289 tenuere;
1726 1215 1793 1275 id
1848 1215 2049 1277 modo
2103 1224 2379 1278 cautum
2431 1225 2559 1293 eet,

453 1339 556 1393 ne,
593 1318 648 1380 si
685 1317 881 1379 ambo
919 1317 1126 1377 fasces
1161 1315 1499 1387 haberent,
1537 1313 1915 1393 duplicatus
1950 1325 2161 1377 terror
2196 1316 2552 1379 videretur.

579 1418 826 1479 Brutus
881 1416 1078 1495 prior,
1129 1414 1527 1476 concedente
1570 1413 1835 1491 collega,
1880 1414 2089 1477 fasoae
2130 1416 2396 1492 habuit;
2442 1417 2561 1496 qui

453 1539 584 1580 non
627 1516 834 1578 acrior
875 1514 1116 1577 vindex
1161 1513 1483 1575 libertatis
1524 1513 1759 1587 fuerat,
1805 1534 2007 1593 quam
2050 1514 2289 1577 deinde
2332 1524 2561 1579 custos

387 1630 419 1671 ⁹
453 1617 598 1680 fuit.

687 1616 998 1678 Omnium
1036 1614 1320 1693 primum
1367 1612 1640 1673 avidum
1690 1632 1905 1675 novae
1963 1613 2289 1677 libertatis
2347 1634 2565 1695 popu-

453 1716 610 1791 lum,
680 1733 762 1777 ne
827 1712 1250 1794 postmodum
1321 1713 1493 1773 flecti
1557 1712 1857 1790 precibus
1924 1722 2043 1775 aut
2109 1713 2301 1777 donis
2367 1715 2565 1793 regiis

453 1822 692 1895 posset,
740 1815 878 1875 iure
927 1812 1205 1875 iurando
1267 1811 1488 1889 adegit
1544 1811 1873 1874 neminem
1932 1814 2187 1876 Romae
2248 1834 2563 1893 passuros

359 1929 418 1970 10
453 1934 737 1994 regnare.
829 1912 1098 1986 Deinde,
1138 1932 1270 1991 quo
1311 1912 1460 1990 plus
1496 1912 1733 1972 virium
1784 1912 1856 1975 in
1904 1921 2139 1976 senatu
2184 1914 2564 1994 frequentia

452 2014 653 2077 etiam
697 2012 940 2076 ordinis
975 2012 1238 2086 faceret,
1277 2010 1585 2074 caedibus
1618 2011 1784 2089 regis
1825 2012 2241 2075 deminutum
2286 2022 2561 2094 patrum

454 2133 797 2177 numerum
844 2111 1236 2192 primoribus
1283 2112 1603 2191 equoetris
1650 2112 1890 2190 gradus
1938 2114 2122 2175 lectis
2168 2114 2253 2175 ad
2306 2121 2563 2178 trecen-

358 2232 414 2271 11
453 2223 670 2278 torum
724 2233 1052 2277 summam
1105 2212 1396 2291 explevit
1407 2233 1422 2287 ;
1480 2211 1931 2292 traditumque
1982 2213 2135 2276 inde
2188 2214 2418 2290 fertur,
2476 2223 2559 2278 ut

451 2315 519 2377 in
583 2321 887 2378 senatum
954 2320 1365 2386 vocarentur,
1432 2311 1545 2391 qui
1608 2320 1831 2392 patres
1894 2315 2137 2393 quique
2204 2315 2559 2394 conscripti

451 2421 694 2478 essent:

452 2514 617 2577 bant
658 2514 876 2576 lectos.

785 2413 1204 2492 conscriptOS,
1252 2411 1555 2474 videlicet
1598 2432 1847 2473 novum
1890 2421 2219 2488 senatum,
2268 2415 2561 2494 appella-

968 2513 1046 2573 Id
1088 2513 1326 2572 mirum
1354 2519 1679 2591 quantum
1722 2512 1969 2590 profuit
2008 2512 2092 2575 ad
2136 2515 2557 2577 concordiam

453 2614 742 2676 civitatis
792 2611 1281 2691 iungendosque
1331 2611 1632 2690 patribus
1680 2611 1890 2691 plebis
1942 2613 2213 2677 animos.

449 2903 562 2946 wife
601 2901 696 2944 and
738 2898 955 2942 children
995 2898 1117 2940 hath
1158 2898 1302 2947 given
1339 2897 1451 2938 hos-

452 2976 589 3020 tages
653 2973 707 3010 to
771 2965 1262 3009 tortune.”—Bacon.
1359 2965 1452 3006 ad·

450 3036 752 3082 sufficitur:
781 3033 1098 3086 impersona1;
1131 3034 1264 3074 “one
1295 3042 1452 3082 grows

451 3102 736 3148 attached.”

514 3174 563 3214 6.
596 3178 796 3221 eoque:
824 3170 918 3212 “to
943 3168 1064 3210 such
1088 3179 1118 3209 a
1143 3167 1325 3209 state.'’

514 3241 562 3282 7.
597 3245 884 3281 annuum:
911 3235 1161 3286 emphatic
1187 3234 1450 3286 predicate.

451 3305 810 3351 diminutum
849 3333 861 3345 .
902 3333 914 3344 .
956 3333 967 3344 .
1002 3302 1100 3345 sit:
1136 3301 1452 3351 subjunctive

453 3376 578 3417 from
605 3373 690 3415 the
715 3371 926 3421 analogy
949 3371 1001 3410 of
1025 3381 1054 3411 a
1079 3379 1251 3412 reason
1275 3369 1450 3411 denied

452 3443 579 3484 aster
616 3451 714 3482 non
751 3440 887 3490 quod.
960 3438 1062 3480 The
1100 3437 1293 3479 consuls
1331 3448 1386 3478 as
1423 3448 1454 3478 a

452 3511 636 3551 matter
666 3507 718 3549 ot
749 3507 850 3548 fact
882 3505 979 3547 had
1013 3505 1104 3547 less
1137 3515 1300 3556 power
1330 3504 1454 3546 than

450 3588 479 3619 a
508 3576 642 3626 king.

513 3644 563 3686 8.
596 3641 798 3685 fasces:
848 3640 934 3682 the
983 3638 1191 3682 bundles
1239 3638 1292 3680 ot
1339 3637 1454 3679 rods

451 3711 572 3754 with
599 3721 717 3752 axes
747 3707 1051 3760 protruding‚
1082 3707 1254 3754 which.
1287 3717 1340 3747 as
1369 3706 1455 3748 the

449 3778 660 3829 insignia
699 3777 751 3818 of
790 3775 1017 3817 absolute
1056 3773 1325 3823 authority.
1369 3772 1454 3814 the

448 3846 615 3889 lictors
626 3843 809 3886 carried
823 3842 989 3883 before
1000 3840 1086 3882 the
1096 3839 1256 3889 ruling
1267 3839 1450 3880 consul.

1609 2897 1660 2938 9.
1693 2895 1955 2942 avidum:
1982 2897 2134 2941 “who
2159 2911 2285 2944 were
2310 2900 2557 2951 jealous.'’

1549 2965 1940 3015 postmodum:
1969 2986 2011 3000 =
2039 2969 2216 3018 postea.
2266 2977 2554 3020 putul-0⁸:

1552 3034 1689 3075 infin.
1768 3033 1845 3076 Sc.
1892 3045 1943 3076 sc
1986 3036 2039 3077 in
2084 3046 2225 3079 sense
2269 3043 2554 3087 agreement

1549 3101 1669 3143 with
1702 3102 1951 3150 populum.

1612 3169 1692 3210 10.
1724 3167 2070 3218 nequeunt:
2101 3170 2212 3221 “by
2241 3171 2328 3214 the
2356 3183 2556 3216 numer-

1547 3235 1641 3277 ical
1675 3236 1951 3293 strength?
2016 3237 2089 3279 Cf.
2123 3238 2211 3280 the
2242 3241 2469 3290 opposite
2500 3242 2553 3282 in

1553 3304 1593 3345 1.
1629 3304 1705 3344 49.
1740 3303 1784 3344 6.
1852 3303 1923 3344 ad
1955 3312 2250 3346 summam
2282 3305 2553 3356 explevit:

1550 3369 1809 3412 “rounded
1848 3373 1935 3412 out
1974 3374 2029 3413 to
2064 3382 2095 3413 a
2132 3372 2313 3414 total.”

1612 3440 1687 3481 11.
1714 3437 2018 3481 traditum:
2034 3440 2324 3490 containing
2340 3439 2427 3483 the
2440 3441 2553 3483 idea

1550 3505 1603 3546 ot
1622 3515 1737 3552 mos,
1764 3505 1805 3546 is
1830 3503 2053 3548 followed
2096 3506 2166 3556 by
2198 3507 2286 3549 the
2317 3507 2555 3558 explana-

1550 3575 1664 3622 tory
1705 3573 1757 3614 ut
1805 3571 1983 3614 clause.
2052 3574 2421 3625 conscriptos:
2465 3575 2553 3618 the

1551 3638 1763 3680 familiar
1803 3640 1958 3688 patres
1992 3640 2250 3690 conscripti
2297 3640 2339 3683 is
2374 3652 2405 3682 a.
2440 3653 2553 3685 case

1550 3705 1602 3746 ot
1628 3704 1905 3754 asyndeton
1930 3706 2169 3755 (πραῢ-οε
2190 3707 2231 3748 d
2252 3707 2551 3760 conscripti),

1551 3783 1605 3812 as
1636 3772 1677 3812 is
1710 3771 1879 3812 shown
1913 3771 2042 3814 here.
2124 3773 2339 3816 mirum
2373 3782 2555 3824 quon-

1550 3839 1705 3881 tum:
1739 3838 2011 3887 colloquial,
2044 3837 2459 3892 “wonderfunyJ'
