2925 4375
578 269 679 321 114
1492 264 1558 319 T.
1593 264 1754 318 L1v1
1804 232 1808 237 ’
2337 266 2593 331 [xxxviii.
2641 272 2671 320 4

574 446 739 524 fore3
780 446 941 510 adeo
983 466 1116 509 non
1155 444 1421 508 fortuna
1466 443 1681 520 modo,
1725 445 1837 509 sed
1881 444 2048 509 ratio
2087 446 2291 509 etiam
2333 467 2487 511 cum
2529 448 2676 511 bar-

510 564 544 611 5
574 546 750 613 baris
784 545 1025 611 stabat.
1119 544 1199 607 In
1247 542 1455 607 altera
1505 544 1638 607 acie
1688 544 1848 606 nihil
1895 545 2102 609 simile
2153 546 2492 624 RomaniS,
2546 571 2677 611 non

575 647 752 729 apud
821 646 1039 722 duces,
1109 664 1242 707 non
1310 643 1488 725 apud
1558 644 1795 707 milites
1861 651 2022 707 erat.
2112 647 2329 710 Pavor
2392 647 2677 729 fugaque

576 751 1012 827 occupaverat
1054 744 1326 821 animos,
1366 751 1435 808 et
1476 750 1668 806 tanta
1705 744 1999 807 omnium
2039 744 2303 823 oblivio,
2343 754 2424 810 ut
2467 747 2676 811 multo

576 847 784 910 maior
813 866 963 926 pars
994 843 1205 920 Veios,
1238 843 1307 906 in
1337 844 1626 907 hostium
1658 845 1908 920 urbem,
1943 866 2092 908 cum
2123 845 2374 909 Tiberis
2407 855 2674 923 arceret,

579 966 777 1027 quam
810 951 990 1008 recto
1022 943 1251 1007 itinere
1285 944 1570 1007 Romam
1617 942 1700 1006 ad
1749 944 2050 1023 coniuges
2098 967 2170 1008 ac
2219 945 2455 1010 liberos
2504 946 2680 1027 fuge-

512 1063 548 1108 o
578 1051 743 1109 rent.
820 1044 1179 1123 Parumper
1204 1043 1624 1107 subsidiarios
1649 1048 1912 1106 tutatus
1943 1050 2044 1107 est
2081 1044 2287 1122 locus;
2325 1046 2395 1109 in
2432 1046 2682 1127 reliqua

580 1145 715 1210 acie
772 1143 965 1209 simul
1023 1151 1123 1207 est
1184 1142 1427 1207 clamor
1486 1143 1799 1223 proximis
1857 1142 1942 1207 ab
2003 1143 2222 1222 latere,
2283 1146 2539 1210 ultimis
2599 1146 2680 1211 ab

578 1250 761 1326 tergo
805 1243 1089 1320 audituS,
1133 1243 1434 1322 ignotum
1479 1241 1737 1305 hostem
1779 1244 1958 1323 prius
2001 1264 2208 1324 paene
2253 1266 2456 1326 quam
2504 1246 2676 1309 vide-

579 1351 745 1421 rent,
776 1366 908 1407 non
935 1343 1130 1406 modo
1170 1365 1303 1406 non
1342 1348 1674 1423 temptato
1714 1344 2087 1421 certamine,
2117 1345 2231 1406 sed
2272 1365 2354 1408 ne
2396 1346 2676 1409 clamore

516 1462 547 1509 7
581 1444 845 1526 quidem
906 1443 1162 1506 reddito
1225 1441 1461 1522 integri
1521 1441 1886 1524 intactique
1947 1442 2274 1525 fugerunt.
2368 1446 2504 1508 Nec
2551 1445 2678 1508 ulla

582 1544 808 1608 caedes
868 1544 1304 1623 pugnantium
1364 1541 1520 1618 fuit3
1579 1548 1764 1622 terga
1824 1563 2012 1606 caesa
2069 1551 2330 1608 suomet
2389 1545 2677 1625 ipsorum

516 1662 549 1707 8
582 1643 935 1706 certamine
988 1643 1056 1705 in
1108 1643 1308 1706 turba
1359 1641 1857 1721 impedientium
1911 1642 2156 1722 fugam.
2247 1645 2434 1708 Circa
2470 1646 2676 1725 ripam

580 1742 847 1819 Tiberis,
878 1763 1007 1824 quo
1036 1742 1234 1805 armis
1262 1742 1532 1805 abiectis
1559 1747 1779 1803 totum
1805 1742 2142 1805 sinistrum
2171 1765 2373 1806 cornu
2401 1744 2675 1825 defugit,

582 1864 820 1923 magna
860 1848 1109 1920 strages
1153 1842 1331 1905 facta
1373 1848 1494 1919 est,
1521 1841 1892 1921 multosque
1934 1842 2270 1922 imperitos
2315 1844 2520 1906 nandi
2565 1850 2677 1906 aut

581 1942 920 2019 invalidOS,
994 1962 1223 2022 graves
1295 1942 1504 2003 loricis
1577 1940 1844 2022 aliisque
1916 1942 2332 2021 tegminibus,
2408 1944 2678 2007 hausere

514 2062 547 2105 9
580 2035 881 2123 gurgites
974 2041 1262 2105 Maxima
1334 2047 1558 2104 tamen
1634 2062 1783 2121 pars
1856 2041 2198 2105 incolumis
2271 2044 2466 2107 Veios
2542 2064 2679 2125 per-

581 2142 768 2223 fugit,
805 2142 977 2205 unde
1010 2163 1142 2205 non
1174 2140 1367 2204 modo
1401 2140 1704 2222 praesidii
1737 2142 2109 2222 quicquam,
2143 2142 2256 2206 sed
2289 2163 2372 2206 ne
2405 2144 2674 2208 nuntius

400 2303 403 2306 ,
485 2263 545 2305 10
581 2243 844 2324 quidem
906 2242 1105 2304 cladis
1144 2243 1449 2306 ‘Romam
1509 2249 1609 2304 est
1671 2242 1920 2304 missus.
2013 2243 2116 2304 Ab
2160 2243 2393 2306 dextro
2457 2265 2673 2319 cornn,

582 2343 755 2423 quod
818 2341 1040 2422 procul
1102 2364 1141 2406 a
1199 2341 1463 2404 flumine
1521 2347 1589 2404 ct
1651 2342 1854 2419 magis
1912 2341 2036 2404 sub
2096 2349 2319 2405 monte
2378 2349 2672 2419 steterat,

582 2443 866 2506 Romam
901 2461 1126 2505 omnes
1163 2441 1423 2522 petiere,
1462 2447 1528 2504 et
1565 2460 1648 2504 ne
1684 2439 1916 2504 clausis
1953 2441 2217 2523 quidem
2253 2443 2462 2523 portis
2498 2443 2674 2506 urbis

580 2541 648 2606 in
687 2561 899 2607 arcem
941 2542 1389 2619 confugerunt.

518 2663 543 2706 1
706 2642 1037 2704 XXXIX
1086 2640 1303 2704 Gallos
1365 2661 1626 2722 quoque
1688 2575 1870 2703 velut
1931 2641 2425 2753 obstupefactos
2487 2643 2675 2705 mira-

580 2740 799 2806 culum
854 2741 1164 2805 victoriae
1218 2747 1357 2803 tam
1412 2740 1790 2820 repentinae
1843 2741 2078 2817 tenuit,
2134 2747 2203 2804 et
2256 2741 2380 2821 ipsi
2432 2762 2673 2822 pavore

578 2841 776 2905 defixi
834 2840 1117 2922 primum
1177 2847 1502 2903 steterunt
1563 2838 1745 2902 velut
1803 2839 2030 2918 ignari,
2091 2840 2248 2920 quid
2311 2841 2672 2916 accidisset;

578 2941 813 3005 deinde
860 2940 1125 3004 insidias
1176 2939 1378 3003 vereri
1388 2961 1405 3017 ς
1453 2946 1784 3020 postremo
1834 2960 2169 3004 caesorum
2215 2940 2425 3020 spolia
2472 2941 2672 3020 legere

513 3060 547 3108 2
580 3061 1039 3123 armorumque
1088 3040 1400 3116 cumUIOS,
1451 3046 1528 3103 ut
1577 3059 1718 3101 mos
1764 3039 1855 3102 eis
1902 3046 2021 3116 est,
2075 3061 2455 3103 coacervare
2466 3061 2484 3117 3
2531 3047 2670 3103 tum

578 3142 865 3218 demum,
943 3146 1295 3221 postquam
1370 3139 1528 3202 nihil
1604 3160 1882 3220 usquam
1960 3139 2192 3203 hostile
2267 3139 2668 3215 cernebatur,

579 3242 757 3305 viam
798 3241 1067 3321 ingressi
1108 3240 1282 3303 haud
1328 3239 1539 3302 multo
1583 3247 1736 3302 ante
1779 3239 1930 3302 solis
1972 3235 2274 3302 occasum
2319 3239 2402 3302 ad
2446 3239 2669 3302 urbem

578 3344 860 3406 Romam
925 3340 1333 3422 perveniunt.
1425 3338 1558 3402 Ubi
1621 3359 1768 3402 cum
1832 3338 2186 3419 praegressi
2247 3339 2502 3419 equites
2546 3361 2671 3402 non

576 3448 801 3524 portas
846 3441 1116 3516 clausas
1165 3461 1297 3502 non
1340 3439 1694 3503 stationem
1740 3459 1857 3518 pro
1903 3439 2108 3519 portis
2152 3427 2497 3515 excubare,
2545 3461 2671 3502 non

628 3591 892 3638 §.alterat
918 3590 1005 3634 the
1032 3591 1243 3634 Roman.
1675 3589 1726 3632 111
1753 3589 1946 3632 suomet.

629 3663 677 3704 δ’.
692 3659 1223 3712 proximiszso-called
1236 3659 1572 3708 dat.ofagent.
1737 3656 1987 3700 XXXIX.
2024 3657 2072 3699 1.
2109 3657 2317 3702 Gallos:
2351 3657 2440 3701 the
2461 3658 2670 3710 position

627 3733 675 3774 7.
692 3727 917 3771 suomet
952 3755 966 3768 .
1004 3755 1017 3768 .
1056 3755 1070 3768 .
1103 3726 1436 3769 certamine:
1466 3726 1576 3776 “by
1673 3725 1839 3766 marks
1867 3724 1953 3767 the
1979 3725 2167 3774 change
2193 3725 2246 3766 in
2272 3725 2540 3768 narrative.
2603 3726 2669 3768 Cf.

576 3794 663 3838 the
676 3792 890 3842 struggle
902 3792 1075 3834 within
1092 3792 1219 3834 their
1240 3803 1351 3833 own
1372 3791 1575 3834 ranks.”
1675 3791 1881 3833 Romani
1909 3791 1998 3841 (4).
2053 3791 2346 3834 victoriae:
2369 3801 2542 3842 appOS.
2566 3802 2670 3845 gen.

576 3861 791 3916 ipsorum
802 3860 843 3904 is
854 3860 903 3902 in
921 3869 1091 3915 appos,
1104 3859 1225 3906 with
1241 3858 1327 3906 the
1342 3858 1574 3912 gen.idea
1673 3859 1872 3905 vereri:
1900 3858 2015 3904 hist.
2043 3859 2181 3906 infin,
