2925 4375
469 254 542 309 40
1379 248 1450 307 T.
1484 248 1649 309 mvl
2370 249 2492 323 [xii.
2528 250 2570 309 3

403 451 436 495 4
469 456 606 500 rem
638 442 901 517 portam
945 435 1202 501 Palatii.
1291 435 1615 502 Romulus
1649 443 1719 501 et
1765 436 1903 517 ipse
1938 435 2137 500 turba
2169 435 2560 517 fugientium

470 543 676 613 actus,
734 556 917 599 arma
970 535 1054 600 ad
1108 536 1359 625 caelum
1414 535 1666 614 tollenS,
1726 536 2072 617 ‘Iuppiter,
2129 536 2288 600 tuis’
2343 536 2561 617 inquit

473 636 713 698 ‘iussus
745 636 978 699 avibus
1010 636 1113 699 hic
1144 636 1212 699 in
1246 635 1502 700 Palatio
1534 637 1745 716 prima
1776 637 1923 699 urbi
1955 635 2388 700 fundamenta
2414 635 2555 698 ieci.

470 736 702 798 Arcem
765 736 898 798 iam
961 736 1194 799 scelere
1256 744 1551 816 emptam
1601 736 1823 800 Sabini
1886 735 2132 799 habent
2141 755 2158 814 3
2220 734 2371 798 inde
2432 736 2559 797 huc

403 850 435 895 5
472 836 709 899 armati
745 841 1054 915 superata
1091 834 1306 899 media
1341 834 1511 899 valle
1548 835 1831 899 tendunt
1841 857 1858 913 ;
1897 842 1968 898 at
2005 842 2101 912 tu,
2139 841 2329 916 pater
2362 834 2559 897 deum

471 936 958 1015 hominumque,
1017 934 1167 997 hinc
1222 934 1455 997 saltem
1513 954 1656 998 arce
1712 936 1950 1011 hosteS,
2007 935 2195 998 deme
2250 942 2558 1023 terrorem
2642 932 2645 937 ’

403 1048 436 1093 σ
472 1034 786 1097 Romanis
813 1034 1168 1115 fugamque
1194 1034 1456 1097 foedam
1495 1036 1667 1097 siste.
1759 1036 1883 1096 Hic
1922 1055 2041 1114 ego
2080 1033 2203 1098 tibi
2240 1033 2558 1115 templum

471 1134 716 1198 Statori
767 1134 929 1210 Iovi,
981 1134 1158 1216 quod
1207 1142 1709 1197 monumentum
1757 1135 1843 1197 sit
1890 1134 2166 1214 posteris
2212 1142 2332 1198 tua
2377 1153 2560 1215 prae-

405 1249 435 1294 7
469 1234 639 1296 senti
681 1252 804 1313 ope
847 1242 1178 1297 servatam
1218 1232 1450 1295 urbem
1477 1253 1633 1310 esse,
1667 1235 1918 1296 voveo!
2008 1234 2189 1297 Haec
2232 1241 2555 1314 precatUS,

471 1333 652 1395 velut
688 1334 742 1394 si
778 1334 1081 1396 sensisset
1119 1331 1380 1396 auditas
1415 1352 1656 1413 preceS,
1699 1333 1908 1396 ‘hinc'
1947 1333 2182 1414 inquit,
2224 1334 2558 1409 ‘Romani,

471 1432 768 1513 Iuppiter
815 1433 1105 1513 optimus
1155 1432 1482 1494 maximus
1529 1433 1823 1497 resistere
1873 1439 2072 1515 atque
2121 1434 2355 1497 iterare
2401 1453 2563 1513 pug-

469 1553 624 1595 nam
662 1532 885 1595 iubet.'

597 1632 920 1695 Restitere
967 1632 1250 1695 Romani
1296 1639 1643 1714 tamquam
1690 1632 1950 1697 caelesti
1997 1654 2154 1697 voce
2199 1632 2381 1711 iussi;
2424 1633 2563 1714 ipse

405 1748 437 1793 8
470 1731 554 1795 ad
624 1730 938 1811 primores
1008 1732 1328 1795 Romulus
1397 1733 1719 1813 provolat.
1810 1734 2079 1797 Mettius
2147 1733 2409 1797 Curtius
2477 1734 2563 1796 ab

470 1830 726 1895 Sabinis
812 1832 1113 1912 princeps
1200 1832 1286 1894 ab
1374 1852 1519 1895 arce
1606 1832 2080 1909 decucurrerat,
2170 1840 2239 1897 et
2323 1834 2563 1895 effusos

439 1939 687 2010 ‚egerat
737 1932 1090 2008 Romanoa
1141 1938 1288 1996 toto
1338 1940 1664 2012 quantum
1714 1932 1854 1995 foro
1892 1934 2183 2013 spatium
2218 1940 2336 1995 est.
2426 1932 2486 1994 N
2489 1952 2562 1993 ec

470 2029 692 2110 procul
731 2032 862 2093 iam
903 2052 942 2094 a
979 2038 1172 2113 porta
1211 2031 1446 2094 Palatii
1486 2039 1626 2095 erat
1667 2032 2036 2095 clamitans:
2078 2032 2384 2094 ‘vicimus
2420 2051 2567 2112 per-

471 2130 635 2194 fidos
687 2130 994 2212 hospiteS,
1049 2131 1340 2195 imbelles
1393 2132 1613 2195 hostes
1623 2152 1638 2209 ;
1692 2132 1825 2195 iam
1878 2133 2092 2202 sciunt
2146 2131 2333 2212 longe
2385 2131 2563 2195 aliud

404 2248 436 2291 e
469 2249 606 2292 esse
651 2232 930 2311 virgines
973 2250 1216 2312 rapere,
1265 2231 1440 2294 aliud
1486 2250 1775 2312 pugnare
1821 2251 1969 2293 cum
2015 2231 2210 2293 viris'
2300 2231 2381 2294 In
2411 2250 2565 2294 eum
2642 2299 2649 2312 ι

471 2331 628 2392 haec
701 2331 1084 2410 gloriantem
1157 2351 1306 2393 cum
1379 2331 1568 2411 globo
1640 2331 2182 2394 ferocissimorum
2250 2331 2565 2394 iuvenum‘

472 2429 790 2493 Romulus
848 2431 1170 2510 impetum
1227 2431 1405 2495 facit.
1498 2433 1601 2493 Ex
1658 2450 1825 2511 equo
1886 2439 2031 2494 tum
2084 2432 2252 2494 forte
2296 2431 2567 2494 Mettius

470 2530 809 2609 pugnabat
819 2551 836 2608 ,·
878 2551 954 2593 eo
998 2530 1149 2611 pelli
1190 2531 1443 2594 facilius
1485 2531 1631 2594 fuit.
1722 2530 1993 2592 Pulsum
2039 2531 2322 2594 Romani
2353 2549 2567 2610 perse-

472 2638 789 2709 quuntur;
846 2637 914 2694 et
973 2631 1098 2694 alia
1156 2632 1458 2694 Romana
1518 2631 1685 2694 acies
1743 2630 2017 2694 audacia
2074 2630 2239 2709 regis
2296 2649 2569 2693 accensa

374 2749 434 2792 10
469 2724 687 2792 fundit
714 2729 1007 2792 Sabinos.
1100 2731 1371 2793 Mettius
1397 2731 1462 2792 in
1490 2729 1799 2809 paludem
1827 2749 1962 2792 sese
1990 2730 2267 2810 strepitu
2295 2748 2569 2811 sequen-

471 2827 638 2893 tium
674 2829 1044 2908 trepidante
1078 2849 1247 2910 equo
1285 2829 1560 2892 coniecit
1571 2851 1587 2906 ;
1624 2837 2086 2909 averteratque
2120 2849 2198 2892 ea
2232 2847 2331 2890 res
2364 2829 2567 2892 etiam

471 2927 744 2992 Sabinos
783 2928 956 2992 tanti
993 2929 1277 3009 periculo
1305 2929 1446 2991 viri.
1540 2931 1628 2992 Et
1666 2928 1769 3008 ille
1808 2929 2093 3009 quidem,
2124 2927 2567 2991 adnuentibus

531 3112 580 3154 4.
615 3112 671 3156 et
699 3112 842 3164 ipse:
872 3112 1050 3162 “tooss’
1080 3123 1135 3156 as
1162 3112 1270 3156 well
1300 3123 1354 3156 as
1383 3112 1500 3157 the.
1634 3115 1682 3156 8.
1718 3113 1965 3164 hospites
2001 3142 2015 3156 .
2050 3142 2064 3156 .
2100 3142 2113 3156 .
2145 3112 2356 3156 hostes:
2387 3112 2508 3156 such
2537 3123 2571 3156 a
2627 3104 2637 3159 ,“

469 3189 624 3230 army.
691 3182 779 3224 See
801 3190 866 3222 on
889 3180 1048 3224 Praei.
1073 3183 1118 3224 3.
1183 3181 1471 3231 superata:
1540 3181 1687 3232 ‚play
1726 3191 1861 3232 upon
1900 3180 2073 3229 words,
2115 3191 2171 3222 or
2209 3181 2567 3232 paronomasia,

469 3246 546 3290 Le.
565 3246 764 3297 already
782 3247 956 3296 gained
981 3246 1080 3289 and
1104 3247 1296 3299 passed.
1570 3248 1611 3290 is
1643 3258 1871 3290 common
1903 3248 1955 3290 in
1990 3248 2151 3290 Latin.
2214 3246 2381 3298 longe
2413 3247 2570 3292 aliud

534 3315 582 3355 ⁶.
616 3321 762 3356 arce:
799 3313 924 3356 from
959 3325 1106 3357 arceo.
1176 3315 1473 3359 Romanis:
1576 3343 1589 3356 .
1638 3343 1652 3356 .
1700 3343 1715 3356 .
1758 3314 1937 3359 aliud:
1980 3314 2193 3366 perhaps
2233 3313 2426 3356 excited
2469 3325 2572 3356 em-

471 3378 704 3422 so-called
729 3379 834 3422 dat.
861 3380 914 3421 of
939 3381 1234 3432 separation.
1573 3381 1739 3433 phasis
1785 3382 1860 3424 for
1905 3382 2037 3432 lonae
2080 3381 2219 3425 aliud
2260 3391 2329 3431 ac,
2379 3380 2450 3423 “a
2494 3381 2572 3424 far

535 3447 583 3488 6.
618 3447 823 3491 Statori
860 3447 1004 3491 Iovi:
1041 3447 1126 3490 the
1158 3447 1299 3491 usual
1332 3449 1475 3492 order
1572 3449 1797 3492 different
1824 3449 1967 3502 thing
1991 3449 2170 3491 from.’'
2199 3455 2203 3459 '

471 3513 696 3555 reversed
738 3518 790 3556 to
829 3514 1108 3564 emphasize
1145 3515 1231 3557 the
1269 3526 1475 3558 connec-
1635 3517 1685 3558 9.
1719 3523 1784 3558 eo
1838 3545 1851 3558 .
1906 3545 1919 3558 .
1974 3544 1987 3558 .
2036 3514 2281 3559 facilius:
2331 3514 2436 3557 “all
2484 3514 2574 3558 the

472 3581 577 3623 tion
627 3582 748 3623 with
797 3582 883 3624 the
932 3583 1185 3625 causative
1233 3583 1392 3625 sistere
1422 3601 1464 3616 =
1573 3583 1775 3626 easier.”
1830 3581 1983 3634 pem:
2026 3593 2092 3626 sc.
2130 3592 2251 3626 eum.
2304 3580 2415 3625 ⁸112.
2449 3612 2465 3628 .
2502 3612 2517 3628 .
2555 3612 2571 3628 .

475 3647 660 3690 “make
693 3647 855 3696 stand,
886 3648 1050 3699 stay.''
1117 3650 1220 3693 The
1264 3651 1475 3694 founda-
1572 3647 1741 3693 acles:
1786 3647 1911 3692 “the
1938 3650 2037 3691 rest
2065 3648 2117 3691 of
2144 3648 2230 3690 the
2254 3646 2405 3690 line.”

474 3717 579 3758 tion
602 3717 654 3758 of
672 3717 772 3758 this
805 3717 989 3768 temple
1025 3717 1142 3759 thus
1174 3716 1397 3760 ascribed
1420 3721 1474 3760 to
1639 3717 1718 3758 10.
1752 3715 2017 3767 strepitu:
2061 3715 2225 3758 causal
2267 3715 2388 3758 with
2430 3715 2575 3765 trem·-

475 3783 716 3825 Romulus
739 3784 829 3825 has
869 3783 991 3825 been
1035 3784 1309 3826 excavated
1358 3795 1475 3826 near
1573 3783 1727 3827 dante.
1821 3783 2076 3835 quidem:
2136 3783 2441 3832 contrasting
2496 3781 2575 3824 his

475 3849 560 3892 the
581 3849 697 3892 arch
718 3851 771 3893 of
793 3851 950 3893 Titus.
1575 3861 1747 3902 escape
1811 3850 1933 3893 with
1998 3849 2083 3892 the
2147 3849 2340 3901 general
2403 3848 2574 3894 result.
