<?xml version="1.0" encoding="UTF-8"?>
<!DOCTYPE html PUBLIC "-//W3C//DTD XHTML 1.0 Transitional//EN"
    "http://www.w3.org/TR/xhtml1/DTD/xhtml1-transitional.dtd">
<html xmlns="http://www.w3.org/1999/xhtml" xml:lang="en" lang="en">
 <head>
  <title>
</title>
<meta http-equiv="Content-Type" content="text/html;charset=utf-8" />
  <meta name='ocr-system' content='tesseract 3.04.00' />
  <meta name='ocr-capabilities' content='ocr_page ocr_carea ocr_par ocr_line ocrx_word'/>
</head>
<body>
  <div class='ocr_page' id='page_1' title='image "./livyselectionsf01longgoog_0127.png"; bbox 0 0 2925 4375; ppageno 0'>
   <div class='ocr_carea' id='block_1_1' title="bbox 275 169 2474 2626">
    <p class='ocr_par' dir='ltr' id='par_1_1' title="bbox 275 169 2474 2626">
     <span class='ocr_line' id='line_1_1' title="bbox 368 169 2464 241; baseline -0.002 -12"><span class='ocrx_word' id='word_1_1' title='bbox 368 174 509 230; x_wconf 85' lang='lat' dir='ltr'>xlvi.</span> <span class='ocrx_word' id='word_1_2' title='bbox 549 173 635 241; x_wconf 88' lang='lat'>11]</span> <span class='ocrx_word' id='word_1_3' title='bbox 1256 170 1490 226; x_wconf 83' lang='lat' dir='ltr'>LIBER</span> <span class='ocrx_word' id='word_1_4' title='bbox 1527 169 1578 225; x_wconf 86' lang='lat' dir='ltr'><strong>v</strong></span> <span class='ocrx_word' id='word_1_5' title='bbox 2361 172 2464 225; x_wconf 84' lang='lat'>123</span> 
     </span>
     <span class='ocr_line' id='line_1_2' title="bbox 303 351 2460 427; baseline -0.002 -10"><span class='ocrx_word' id='word_1_6' title='bbox 303 367 334 410; x_wconf 82' lang='lat'>4</span> <span class='ocrx_word' id='word_1_7' title='bbox 498 354 736 425; x_wconf 80' lang='lat' dir='ltr'><strong>XLVI,</strong></span> <span class='ocrx_word' id='word_1_8' title='bbox 792 354 943 418; x_wconf 86' lang='lat' dir='ltr'>Veis</span> <span class='ocrx_word' id='word_1_9' title='bbox 984 354 1245 417; x_wconf 75' lang='lat' dir='ltr'><strong>interim</strong></span> <span class='ocrx_word' id='word_1_10' title='bbox 1281 375 1413 415; x_wconf 91' lang='lat' dir='ltr'>non</span> <span class='ocrx_word' id='word_1_11' title='bbox 1449 353 1650 415; x_wconf 90' lang='lat' dir='ltr'>animi</span> <span class='ocrx_word' id='word_1_12' title='bbox 1674 423 1678 426; x_wconf 51' lang='grc'><em>,</em></span> <span class='ocrx_word' id='word_1_13' title='bbox 1703 358 1966 416; x_wconf 89' lang='lat' dir='ltr'>tantum</span> <span class='ocrx_word' id='word_1_14' title='bbox 2018 352 2084 415; x_wconf 89' lang='lat' dir='ltr'>in</span> <span class='ocrx_word' id='word_1_15' title='bbox 2137 352 2293 427; x_wconf 89' lang='lat' dir='ltr'>dies,</span> <span class='ocrx_word' id='word_1_16' title='bbox 2347 351 2460 415; x_wconf 92' lang='lat' dir='ltr'>sed</span> 
     </span>
     <span class='ocr_line' id='line_1_3' title="bbox 371 451 2462 519; baseline -0.003 0"><span class='ocrx_word' id='word_1_17' title='bbox 371 454 575 519; x_wconf 91' lang='lat' dir='ltr'>etiam</span> <span class='ocrx_word' id='word_1_18' title='bbox 629 456 795 517; x_wconf 89' lang='lat' dir='ltr'>vires</span> <span class='ocrx_word' id='word_1_19' title='bbox 832 452 1224 517; x_wconf 67' lang='lat' dir='ltr'>crescebant.</span> <span class='ocrx_word' id='word_1_20' title='bbox 1347 452 1481 515; x_wconf 90' lang='lat' dir='ltr'>Nec</span> <span class='ocrx_word' id='word_1_21' title='bbox 1520 451 1834 515; x_wconf 87' lang='lat' dir='ltr'>Romanis</span> <span class='ocrx_word' id='word_1_22' title='bbox 1868 451 2078 515; x_wconf 92' lang='lat' dir='ltr'>solum</span> <span class='ocrx_word' id='word_1_23' title='bbox 2114 472 2190 515; x_wconf 92' lang='lat' dir='ltr'>eo</span> <span class='ocrx_word' id='word_1_24' title='bbox 2229 471 2462 514; x_wconf 85' lang='lat' dir='ltr'>conve·</span> 
     </span>
     <span class='ocr_line' id='line_1_4' title="bbox 373 550 2460 633; baseline -0.001 -16"><span class='ocrx_word' id='word_1_25' title='bbox 373 553 703 618; x_wconf 90' lang='lat' dir='ltr'>nientibus</span> <span class='ocrx_word' id='word_1_26' title='bbox 724 574 807 616; x_wconf 85' lang='lat' dir='ltr'>ex</span> <span class='ocrx_word' id='word_1_27' title='bbox 831 553 1017 632; x_wconf 89' lang='lat' dir='ltr'>agris,</span> <span class='ocrx_word' id='word_1_28' title='bbox 1044 552 1157 633; x_wconf 90' lang='lat' dir='ltr'>qui</span> <span class='ocrx_word' id='word_1_29' title='bbox 1180 559 1297 616; x_wconf 91' lang='lat' dir='ltr'>aut</span> <span class='ocrx_word' id='word_1_30' title='bbox 1319 552 1561 633; x_wconf 89' lang='lat' dir='ltr'>proelio</span> <span class='ocrx_word' id='word_1_31' title='bbox 1586 552 1856 615; x_wconf 89' lang='lat' dir='ltr'>adverso</span> <span class='ocrx_word' id='word_1_32' title='bbox 1881 558 1996 614; x_wconf 88' lang='lat' dir='ltr'>aut</span> <span class='ocrx_word' id='word_1_33' title='bbox 2019 550 2200 614; x_wconf 90' lang='lat' dir='ltr'>clade</span> <span class='ocrx_word' id='word_1_34' title='bbox 2227 558 2460 631; x_wconf 89' lang='lat' dir='ltr'>captae</span> 
     </span>
     <span class='ocr_line' id='line_1_5' title="bbox 375 650 2460 733; baseline -0.002 -16"><span class='ocrx_word' id='word_1_35' title='bbox 375 654 553 717; x_wconf 91' lang='lat' dir='ltr'>urbis</span> <span class='ocrx_word' id='word_1_36' title='bbox 601 652 806 733; x_wconf 89' lang='lat' dir='ltr'>palati</span> <span class='ocrx_word' id='word_1_37' title='bbox 846 655 1124 728; x_wconf 88' lang='lat' dir='ltr'>fuerant,</span> <span class='ocrx_word' id='word_1_38' title='bbox 1161 652 1275 716; x_wconf 93' lang='lat' dir='ltr'>sed</span> <span class='ocrx_word' id='word_1_39' title='bbox 1308 652 1511 715; x_wconf 91' lang='lat' dir='ltr'>etiam</span> <span class='ocrx_word' id='word_1_40' title='bbox 1545 672 1628 715; x_wconf 85' lang='lat' dir='ltr'>ex</span> <span class='ocrx_word' id='word_1_41' title='bbox 1665 651 1851 713; x_wconf 88' lang='lat' dir='ltr'>Latio</span> <span class='ocrx_word' id='word_1_42' title='bbox 1889 650 2270 713; x_wconf 87' lang='lat' dir='ltr'>voluntariis</span> <span class='ocrx_word' id='word_1_43' title='bbox 2311 672 2460 713; x_wconf 90' lang='lat' dir='ltr'>con-</span> 
     </span>
     <span class='ocr_line' id='line_1_6' title="bbox 300 750 2462 841; baseline -0.001 -26"><span class='ocrx_word' id='word_1_44' title='bbox 300 766 335 809; x_wconf 82' lang='grc'><strong>5</strong></span> <span class='ocrx_word' id='word_1_45' title='bbox 375 753 747 829; x_wconf 89' lang='lat' dir='ltr'>fluentibus,</span> <span class='ocrx_word' id='word_1_46' title='bbox 778 758 854 815; x_wconf 93' lang='lat' dir='ltr'>ut</span> <span class='ocrx_word' id='word_1_47' title='bbox 880 752 948 814; x_wconf 92' lang='lat' dir='ltr'>in</span> <span class='ocrx_word' id='word_1_48' title='bbox 975 759 1162 832; x_wconf 87' lang='lat' dir='ltr'>parte</span> <span class='ocrx_word' id='word_1_49' title='bbox 1189 752 1468 832; x_wconf 80' lang='lat' dir='ltr'>praedae</span> <span class='ocrx_word' id='word_1_50' title='bbox 1495 758 2090 841; x_wconf 39' lang='lat' dir='ltr'>essent,·maturum</span> <span class='ocrx_word' id='word_1_51' title='bbox 2125 750 2256 813; x_wconf 90' lang='lat' dir='ltr'>iam</span> <span class='ocrx_word' id='word_1_52' title='bbox 2284 750 2462 813; x_wconf 87' lang='lat' dir='ltr'>vide-</span> 
     </span>
     <span class='ocr_line' id='line_1_7' title="bbox 302 850 2458 932; baseline -0.001 -17"><span class='ocrx_word' id='word_1_53' title='bbox 302 864 335 907; x_wconf 81' lang='lat'><strong>6</strong></span> <span class='ocrx_word' id='word_1_54' title='bbox 374 854 573 915; x_wconf 85' lang='lat' dir='ltr'>batur</span> <span class='ocrx_word' id='word_1_55' title='bbox 613 852 818 932; x_wconf 85' lang='lat' dir='ltr'>repeti</span> <span class='ocrx_word' id='word_1_56' title='bbox 862 851 1145 931; x_wconf 89' lang='lat' dir='ltr'>patriam</span> <span class='ocrx_word' id='word_1_57' title='bbox 1186 850 1476 932; x_wconf 88' lang='lat' dir='ltr'>eripique</span> <span class='ocrx_word' id='word_1_58' title='bbox 1519 872 1601 914; x_wconf 88' lang='lat' dir='ltr'>ex</span> <span class='ocrx_word' id='word_1_59' title='bbox 1643 850 1930 913; x_wconf 90' lang='lat' dir='ltr'>hostium</span> <span class='ocrx_word' id='word_1_60' title='bbox 1976 850 2276 912; x_wconf 90' lang='lat' dir='ltr'>manibus</span> <span class='ocrx_word' id='word_1_61' title='bbox 2286 871 2302 926; x_wconf 73' lang='grc' dir='ltr'><strong><em>ς</em></strong></span> <span class='ocrx_word' id='word_1_62' title='bbox 2345 850 2458 913; x_wconf 93' lang='lat' dir='ltr'>sed</span> 
     </span>
     <span class='ocr_line' id='line_1_8' title="bbox 374 948 2464 1032; baseline -0.001 -17"><span class='ocrx_word' id='word_1_63' title='bbox 374 951 627 1032; x_wconf 81' lang='lat' dir='ltr'>corpori</span> <span class='ocrx_word' id='word_1_64' title='bbox 702 950 919 1014; x_wconf 90' lang='lat' dir='ltr'>valido</span> <span class='ocrx_word' id='word_1_65' title='bbox 995 956 1194 1030; x_wconf 90' lang='lat' dir='ltr'>caput</span> <span class='ocrx_word' id='word_1_66' title='bbox 1268 949 1513 1028; x_wconf 85' lang='lat' dir='ltr'>deerat.</span> <span class='ocrx_word' id='word_1_67' title='bbox 1597 952 1820 1022; x_wconf 53' lang='lat' dir='ltr'>‚Locus</span> <span class='ocrx_word' id='word_1_68' title='bbox 1873 950 2010 1029; x_wconf 91' lang='lat' dir='ltr'>ipse</span> <span class='ocrx_word' id='word_1_69' title='bbox 2067 948 2464 1012; x_wconf 88' lang='lat' dir='ltr'>admonebat</span> 
     </span>
     <span class='ocr_line' id='line_1_9' title="bbox 375 1049 2468 1130; baseline -0.003 -15"><span class='ocrx_word' id='word_1_70' title='bbox 375 1050 649 1127; x_wconf 84' lang='lat' dir='ltr'><strong>Camilli,</strong></span> <span class='ocrx_word' id='word_1_71' title='bbox 695 1057 766 1113; x_wconf 89' lang='lat' dir='ltr'>et</span> <span class='ocrx_word' id='word_1_72' title='bbox 814 1070 1052 1129; x_wconf 90' lang='lat' dir='ltr'>magna</span> <span class='ocrx_word' id='word_1_73' title='bbox 1099 1071 1248 1130; x_wconf 89' lang='lat' dir='ltr'>pars</span> <span class='ocrx_word' id='word_1_74' title='bbox 1296 1049 1578 1113; x_wconf 86' lang='lat' dir='ltr'>militum</span> <span class='ocrx_word' id='word_1_75' title='bbox 1622 1056 1784 1125; x_wconf 72' lang='lat' dir='ltr'>erat,</span> <span class='ocrx_word' id='word_1_76' title='bbox 1825 1050 1938 1130; x_wconf 91' lang='lat' dir='ltr'>qui</span> <span class='ocrx_word' id='word_1_77' title='bbox 1985 1049 2192 1111; x_wconf 89' lang='lat' dir='ltr'>ductu</span> <span class='ocrx_word' id='word_1_78' title='bbox 2248 1049 2468 1128; x_wconf 88' lang='lat' dir='ltr'>auspi-</span> 
     </span>
     <span class='ocr_line' id='line_1_10' title="bbox 308 1150 2466 1232; baseline 0 -23"><span class='ocrx_word' id='word_1_79' title='bbox 308 1165 340 1209; x_wconf 80' lang='grc'><strong>7</strong></span> <span class='ocrx_word' id='word_1_80' title='bbox 377 1152 607 1232; x_wconf 91' lang='lat' dir='ltr'>cioque</span> <span class='ocrx_word' id='word_1_81' title='bbox 662 1151 799 1214; x_wconf 90' lang='lat' dir='ltr'>eius</span> <span class='ocrx_word' id='word_1_82' title='bbox 854 1170 953 1213; x_wconf 90' lang='lat' dir='ltr'>res</span> <span class='ocrx_word' id='word_1_83' title='bbox 1008 1170 1308 1230; x_wconf 79' lang='lat' dir='ltr'>prospere</span> <span class='ocrx_word' id='word_1_84' title='bbox 1360 1156 1706 1229; x_wconf 78' lang='lat' dir='ltr'>gesserant.</span> <span class='ocrx_word' id='word_1_85' title='bbox 1798 1150 2129 1213; x_wconf 88' lang='lat' dir='ltr'>Consensu</span> <span class='ocrx_word' id='word_1_86' title='bbox 2172 1150 2466 1211; x_wconf 90' lang='lat' dir='ltr'>omnium</span> 
     </span>
     <span class='ocr_line' id='line_1_11' title="bbox 375 1247 2464 1332; baseline -0 -21"><span class='ocrx_word' id='word_1_87' title='bbox 375 1252 624 1332; x_wconf 77' lang='lat' dir='ltr'>placuit</span> <span class='ocrx_word' id='word_1_88' title='bbox 678 1250 763 1313; x_wconf 91' lang='lat' dir='ltr'>ab</span> <span class='ocrx_word' id='word_1_89' title='bbox 819 1250 1034 1311; x_wconf 89' lang='lat' dir='ltr'>Ardea</span> <span class='ocrx_word' id='word_1_90' title='bbox 1087 1249 1430 1312; x_wconf 88' lang='lat' dir='ltr'>Camillum</span> <span class='ocrx_word' id='word_1_91' title='bbox 1489 1250 1698 1325; x_wconf 89' lang='lat' dir='ltr'>acciri,</span> <span class='ocrx_word' id='word_1_92' title='bbox 1757 1249 1871 1332; x_wconf 89' lang='lat' dir='ltr'>sed</span> <span class='ocrx_word' id='word_1_93' title='bbox 1924 1256 2120 1313; x_wconf 88' lang='lat' dir='ltr'>antea</span> <span class='ocrx_word' id='word_1_94' title='bbox 2169 1247 2464 1311; x_wconf 88' lang='lat' dir='ltr'>consulto</span> 
     </span>
     <span class='ocr_line' id='line_1_12' title="bbox 374 1348 2466 1430; baseline -0.002 -17"><span class='ocrx_word' id='word_1_95' title='bbox 374 1357 631 1425; x_wconf 72' lang='lat' dir='ltr'>senam,</span> <span class='ocrx_word' id='word_1_96' title='bbox 691 1349 804 1430; x_wconf 90' lang='lat' dir='ltr'>qui</span> <span class='ocrx_word' id='word_1_97' title='bbox 861 1350 1111 1412; x_wconf 71' lang='lat' dir='ltr'>Romae</span> <span class='ocrx_word' id='word_1_98' title='bbox 1165 1356 1334 1412; x_wconf 92' lang='lat' dir='ltr'>esset</span> <span class='ocrx_word' id='word_1_99' title='bbox 1345 1370 1361 1426; x_wconf 88' lang='lat'>;</span> <span class='ocrx_word' id='word_1_100' title='bbox 1432 1349 1594 1411; x_wconf 91' lang='lat' dir='ltr'>adeo</span> <span class='ocrx_word' id='word_1_101' title='bbox 1645 1348 1912 1427; x_wconf 90' lang='lat' dir='ltr'>regebat</span> <span class='ocrx_word' id='word_1_102' title='bbox 1960 1348 2182 1411; x_wconf 92' lang='lat' dir='ltr'>omnia</span> <span class='ocrx_word' id='word_1_103' title='bbox 2236 1348 2466 1429; x_wconf 85' lang='lat' dir='ltr'>pudor,</span> 
     </span>
     <span class='ocr_line' id='line_1_13' title="bbox 375 1448 2464 1531; baseline -0.001 -19"><span class='ocrx_word' id='word_1_104' title='bbox 375 1449 877 1530; x_wconf 89' lang='lat' dir='ltr'>discriminaque</span> <span class='ocrx_word' id='word_1_105' title='bbox 944 1469 1160 1511; x_wconf 89' lang='lat' dir='ltr'>rerum</span> <span class='ocrx_word' id='word_1_106' title='bbox 1228 1469 1428 1531; x_wconf 88' lang='lat' dir='ltr'>prope</span> <span class='ocrx_word' id='word_1_107' title='bbox 1497 1448 1766 1531; x_wconf 90' lang='lat' dir='ltr'>perditis</span> <span class='ocrx_word' id='word_1_108' title='bbox 1833 1449 2026 1511; x_wconf 87' lang='lat' dir='ltr'>rebus</span> <span class='ocrx_word' id='word_1_109' title='bbox 2092 1448 2464 1511; x_wconf 88' lang='lat' dir='ltr'>servabant.</span> 
     </span>
     <span class='ocr_line' id='line_1_14' title="bbox 306 1547 2470 1630; baseline 0.002 -23"><span class='ocrx_word' id='word_1_110' title='bbox 306 1564 341 1607; x_wconf 88' lang='lat'><em>8</em></span> <span class='ocrx_word' id='word_1_111' title='bbox 378 1548 639 1629; x_wconf 75' lang='lat' dir='ltr'>Ingenti</span> <span class='ocrx_word' id='word_1_112' title='bbox 710 1549 991 1629; x_wconf 90' lang='lat' dir='ltr'>periculo</span> <span class='ocrx_word' id='word_1_113' title='bbox 1053 1549 1524 1611; x_wconf 89' lang='lat' dir='ltr'>transeundum</span> <span class='ocrx_word' id='word_1_114' title='bbox 1597 1570 1712 1630; x_wconf 91' lang='lat' dir='ltr'>per</span> <span class='ocrx_word' id='word_1_115' title='bbox 1781 1550 2067 1611; x_wconf 88' lang='lat' dir='ltr'>hostium</span> <span class='ocrx_word' id='word_1_116' title='bbox 2141 1547 2470 1611; x_wconf 83' lang='lat' dir='ltr'>custodias</span> 
     </span>
     <span class='ocr_line' id='line_1_15' title="bbox 375 1648 2466 1729; baseline 0 -18"><span class='ocrx_word' id='word_1_117' title='bbox 375 1656 537 1712; x_wconf 88' lang='lat' dir='ltr'>erat.</span> <span class='ocrx_word' id='word_1_118' title='bbox 627 1648 729 1711; x_wconf 94' lang='lat' dir='ltr'>Ad</span> <span class='ocrx_word' id='word_1_119' title='bbox 784 1670 929 1712; x_wconf 90' lang='lat' dir='ltr'>eam</span> <span class='ocrx_word' id='word_1_120' title='bbox 984 1669 1120 1711; x_wconf 91' lang='lat' dir='ltr'>rem</span> <span class='ocrx_word' id='word_1_121' title='bbox 1176 1649 1448 1711; x_wconf 89' lang='lat' dir='ltr'>Pontius</span> <span class='ocrx_word' id='word_1_122' title='bbox 1490 1648 1839 1724; x_wconf 89' lang='lat' dir='ltr'>Cominius,</span> <span class='ocrx_word' id='word_1_123' title='bbox 1884 1650 2155 1729; x_wconf 87' lang='lat' dir='ltr'>impiger</span> <span class='ocrx_word' id='word_1_124' title='bbox 2195 1648 2466 1724; x_wconf 82' lang='lat' dir='ltr'>iuvenis,</span> 
     </span>
     <span class='ocr_line' id='line_1_16' title="bbox 376 1746 2466 1829; baseline -0 -17"><span class='ocrx_word' id='word_1_125' title='bbox 376 1769 643 1829; x_wconf 88' lang='lat' dir='ltr'>operam</span> <span class='ocrx_word' id='word_1_126' title='bbox 703 1748 1047 1829; x_wconf 90' lang='lat' dir='ltr'>pollicitus,</span> <span class='ocrx_word' id='word_1_127' title='bbox 1109 1748 1424 1811; x_wconf 90' lang='lat' dir='ltr'>incubans</span> <span class='ocrx_word' id='word_1_128' title='bbox 1485 1748 1706 1811; x_wconf 89' lang='lat' dir='ltr'>cortici</span> <span class='ocrx_word' id='word_1_129' title='bbox 1764 1748 2049 1811; x_wconf 92' lang='lat' dir='ltr'>secundo</span> <span class='ocrx_word' id='word_1_130' title='bbox 2108 1747 2322 1811; x_wconf 91' lang='lat' dir='ltr'>Tiberi</span> <span class='ocrx_word' id='word_1_131' title='bbox 2382 1746 2466 1811; x_wconf 87' lang='lat' dir='ltr'>ad</span> 
     </span>
     <span class='ocr_line' id='line_1_17' title="bbox 308 1841 2472 1928; baseline 0.001 -21"><span class='ocrx_word' id='word_1_132' title='bbox 308 1864 340 1907; x_wconf 83' lang='lat'>9</span> <span class='ocrx_word' id='word_1_133' title='bbox 377 1850 607 1916; x_wconf 88' lang='lat' dir='ltr'>urbem</span> <span class='ocrx_word' id='word_1_134' title='bbox 657 1847 963 1911; x_wconf 84' lang='lat' dir='ltr'>defertur.</span> <span class='ocrx_word' id='word_1_135' title='bbox 1055 1841 1235 1923; x_wconf 94' lang='lat' dir='ltr'>Inde,</span> <span class='ocrx_word' id='word_1_136' title='bbox 1278 1869 1409 1928; x_wconf 90' lang='lat' dir='ltr'>qua</span> <span class='ocrx_word' id='word_1_137' title='bbox 1457 1848 1829 1927; x_wconf 85' lang='lat' dir='ltr'>proximum</span> <span class='ocrx_word' id='word_1_138' title='bbox 1880 1848 2005 1911; x_wconf 87' lang='lat' dir='ltr'>fuit</span> <span class='ocrx_word' id='word_1_139' title='bbox 2057 1869 2096 1911; x_wconf 89' lang='lat' dir='ltr'>a</span> <span class='ocrx_word' id='word_1_140' title='bbox 2144 1848 2304 1928; x_wconf 89' lang='lat' dir='ltr'>ripa,</span> <span class='ocrx_word' id='word_1_141' title='bbox 2357 1867 2472 1927; x_wconf 85' lang='lat' dir='ltr'>per</span> 
     </span>
     <span class='ocr_line' id='line_1_18' title="bbox 378 1946 2471 2030; baseline -0 -20"><span class='ocrx_word' id='word_1_142' title='bbox 378 1956 806 2030; x_wconf 83' lang='lat' dir='ltr'>praeruptum</span> <span class='ocrx_word' id='word_1_143' title='bbox 860 1969 1066 2029; x_wconf 91' lang='lat' dir='ltr'>eoque</span> <span class='ocrx_word' id='word_1_144' title='bbox 1121 1946 1488 2027; x_wconf 90' lang='lat' dir='ltr'>neglectum</span> <span class='ocrx_word' id='word_1_145' title='bbox 1544 1948 1831 2009; x_wconf 91' lang='lat' dir='ltr'>hostium</span> <span class='ocrx_word' id='word_1_146' title='bbox 1887 1947 2184 2010; x_wconf 88' lang='lat' dir='ltr'>custodia</span> <span class='ocrx_word' id='word_1_147' title='bbox 2237 1967 2471 2027; x_wconf 84' lang='lat' dir='ltr'>saxum</span> 
     </span>
     <span class='ocr_line' id='line_1_19' title="bbox 378 2046 2472 2128; baseline -0 -18"><span class='ocrx_word' id='word_1_148' title='bbox 378 2049 447 2112; x_wconf 94' lang='lat' dir='ltr'>in</span> <span class='ocrx_word' id='word_1_149' title='bbox 502 2048 895 2128; x_wconf 89' lang='lat' dir='ltr'>Capitolium</span> <span class='ocrx_word' id='word_1_150' title='bbox 950 2047 1195 2123; x_wconf 88' lang='lat' dir='ltr'>evadit,</span> <span class='ocrx_word' id='word_1_151' title='bbox 1252 2054 1319 2109; x_wconf 90' lang='lat' dir='ltr'>et</span> <span class='ocrx_word' id='word_1_152' title='bbox 1378 2046 1459 2109; x_wconf 93' lang='lat' dir='ltr'>ad</span> <span class='ocrx_word' id='word_1_153' title='bbox 1520 2048 1939 2125; x_wconf 84' lang='lat' dir='ltr'>magistratus</span> <span class='ocrx_word' id='word_1_154' title='bbox 1994 2046 2232 2109; x_wconf 92' lang='lat' dir='ltr'>ductus</span> <span class='ocrx_word' id='word_1_155' title='bbox 2288 2068 2472 2120; x_wconf 87' lang='lat' dir='ltr'>man-</span> 
     </span>
     <span class='ocr_line' id='line_1_20' title="bbox 378 2145 2472 2228; baseline -0.001 -17"><span class='ocrx_word' id='word_1_156' title='bbox 378 2149 541 2213; x_wconf 86' lang='lat' dir='ltr'>data</span> <span class='ocrx_word' id='word_1_157' title='bbox 580 2148 901 2219; x_wconf 87' lang='lat' dir='ltr'>exercitus</span> <span class='ocrx_word' id='word_1_158' title='bbox 944 2147 1101 2211; x_wconf 88' lang='lat' dir='ltr'>edit.</span> <span class='ocrx_word' id='word_1_159' title='bbox 1192 2146 1479 2227; x_wconf 91' lang='lat' dir='ltr'>Accepto</span> <span class='ocrx_word' id='word_1_160' title='bbox 1523 2146 1672 2228; x_wconf 88' lang='lat' dir='ltr'>inde</span> <span class='ocrx_word' id='word_1_161' title='bbox 1715 2153 1981 2210; x_wconf 89' lang='lat' dir='ltr'>senatus</span> <span class='ocrx_word' id='word_1_162' title='bbox 2026 2145 2340 2223; x_wconf 86' lang='lat' dir='ltr'>consulto,</span> <span class='ocrx_word' id='word_1_163' title='bbox 2373 2146 2472 2210; x_wconf 90' lang='lat' dir='ltr'>uti</span> 
     </span>
     <span class='ocr_line' id='line_1_21' title="bbox 379 2245 2472 2328; baseline -0.001 -16"><span class='ocrx_word' id='word_1_164' title='bbox 379 2248 659 2312; x_wconf 92' lang='lat' dir='ltr'>comitiis</span> <span class='ocrx_word' id='word_1_165' title='bbox 692 2249 955 2311; x_wconf 88' lang='lat' dir='ltr'>curiatis</span> <span class='ocrx_word' id='word_1_166' title='bbox 987 2253 1331 2311; x_wconf 86' lang='lat' dir='ltr'>revocatus</span> <span class='ocrx_word' id='word_1_167' title='bbox 1362 2245 1444 2309; x_wconf 93' lang='lat' dir='ltr'>de</span> <span class='ocrx_word' id='word_1_168' title='bbox 1475 2246 1667 2309; x_wconf 86' lang='lat' dir='ltr'>exilio</span> <span class='ocrx_word' id='word_1_169' title='bbox 1698 2247 1876 2309; x_wconf 89' lang='lat' dir='ltr'>iussu</span> <span class='ocrx_word' id='word_1_170' title='bbox 1907 2246 2132 2328; x_wconf 91' lang='lat' dir='ltr'>populi</span> <span class='ocrx_word' id='word_1_171' title='bbox 2165 2246 2472 2310; x_wconf 86' lang='lat' dir='ltr'>Camillus</span> 
     </span>
     <span class='ocr_line' id='line_1_22' title="bbox 378 2345 2474 2427; baseline -0.001 -16"><span class='ocrx_word' id='word_1_172' title='bbox 378 2349 664 2412; x_wconf 87' lang='lat' dir='ltr'>dictator</span> <span class='ocrx_word' id='word_1_173' title='bbox 709 2347 1040 2427; x_wconf 86' lang='lat' dir='ltr'>extemplo</span> <span class='ocrx_word' id='word_1_174' title='bbox 1088 2345 1411 2409; x_wconf 88' lang='lat' dir='ltr'>diceretur</span> <span class='ocrx_word' id='word_1_175' title='bbox 1459 2345 1825 2426; x_wconf 89' lang='lat' dir='ltr'>militesque</span> <span class='ocrx_word' id='word_1_176' title='bbox 1873 2346 2190 2409; x_wconf 87' lang='lat' dir='ltr'>haberent</span> <span class='ocrx_word' id='word_1_177' title='bbox 2236 2346 2474 2426; x_wconf 89' lang='lat' dir='ltr'>imper-</span> 
     </span>
     <span class='ocr_line' id='line_1_23' title="bbox 382 2444 2474 2529; baseline -0.002 -17"><span class='ocrx_word' id='word_1_178' title='bbox 382 2455 651 2524; x_wconf 89' lang='lat' dir='ltr'>atorem,</span> <span class='ocrx_word' id='word_1_179' title='bbox 710 2467 904 2529; x_wconf 91' lang='lat' dir='ltr'>quem</span> <span class='ocrx_word' id='word_1_180' title='bbox 961 2445 1224 2523; x_wconf 89' lang='lat' dir='ltr'>vellent,</span> <span class='ocrx_word' id='word_1_181' title='bbox 1282 2445 1510 2508; x_wconf 87' lang='lat' dir='ltr'>eadem</span> <span class='ocrx_word' id='word_1_182' title='bbox 1566 2444 1901 2524; x_wconf 87' lang='lat' dir='ltr'>degressus</span> <span class='ocrx_word' id='word_1_183' title='bbox 1955 2446 2226 2509; x_wconf 90' lang='lat' dir='ltr'>nuntius</span> <span class='ocrx_word' id='word_1_184' title='bbox 2280 2447 2474 2508; x_wconf 93' lang='lat' dir='ltr'>Veios</span> 
     </span>
     <span class='ocr_line' id='line_1_24' title="bbox 275 2544 2474 2626; baseline 0.001 -21"><span class='ocrx_word' id='word_1_185' title='bbox 275 2565 336 2606; x_wconf 92' lang='lat'>11</span> <span class='ocrx_word' id='word_1_186' title='bbox 379 2547 718 2611; x_wconf 90' lang='lat' dir='ltr'>contendit</span> <span class='ocrx_word' id='word_1_187' title='bbox 729 2567 745 2624; x_wconf 89' lang='lat'>;</span> <span class='ocrx_word' id='word_1_188' title='bbox 801 2547 1107 2626; x_wconf 89' lang='lat' dir='ltr'>missique</span> <span class='ocrx_word' id='word_1_189' title='bbox 1161 2544 1443 2609; x_wconf 89' lang='lat' dir='ltr'>Ardeam</span> <span class='ocrx_word' id='word_1_190' title='bbox 1499 2544 1692 2624; x_wconf 91' lang='lat' dir='ltr'>legati</span> <span class='ocrx_word' id='word_1_191' title='bbox 1747 2544 1828 2608; x_wconf 92' lang='lat' dir='ltr'>ad</span> <span class='ocrx_word' id='word_1_192' title='bbox 1884 2544 2227 2608; x_wconf 89' lang='lat' dir='ltr'>Camillum</span> <span class='ocrx_word' id='word_1_193' title='bbox 2279 2545 2474 2608; x_wconf 91' lang='lat' dir='ltr'>Veios</span> 
     </span>
    </p>
   </div>
   <div class='ocr_carea' id='block_1_2' title="bbox 378 2644 2474 2728">
    <p class='ocr_par' dir='ltr' id='par_1_2' title="bbox 378 2644 2474 2728">
     <span class='ocr_line' id='line_1_25' title="bbox 378 2644 2474 2728; baseline -0.002 -17"><span class='ocrx_word' id='word_1_194' title='bbox 378 2667 530 2711; x_wconf 93' lang='lat' dir='ltr'>eum</span> <span class='ocrx_word' id='word_1_195' title='bbox 578 2647 955 2728; x_wconf 86' lang='lat' dir='ltr'>perduxere,</span> <span class='ocrx_word' id='word_1_196' title='bbox 1006 2666 1120 2708; x_wconf 92' lang='lat' dir='ltr'>seu</span> <span class='ocrx_word' id='word_1_197' title='bbox 1146 2681 1229 2688; x_wconf 92' lang='lat'>—</span> <span class='ocrx_word' id='word_1_198' title='bbox 1252 2644 1428 2726; x_wconf 92' lang='lat' dir='ltr'>quod</span> <span class='ocrx_word' id='word_1_199' title='bbox 1504 2645 1708 2724; x_wconf 89' lang='lat' dir='ltr'>magis</span> <span class='ocrx_word' id='word_1_200' title='bbox 1782 2644 2038 2708; x_wconf 89' lang='lat' dir='ltr'>credere</span> <span class='ocrx_word' id='word_1_201' title='bbox 2111 2644 2288 2720; x_wconf 91' lang='lat' dir='ltr'>libet,</span> <span class='ocrx_word' id='word_1_202' title='bbox 2342 2666 2474 2707; x_wconf 89' lang='lat' dir='ltr'>non</span> 
     </span>
    </p>
   </div>
   <div class='ocr_carea' id='block_1_3' title="bbox 275 2166 340 2208">
    <p class='ocr_par' dir='ltr' id='par_1_3' title="bbox 275 2166 340 2208">
     <span class='ocr_line' id='line_1_26' title="bbox 275 2166 340 2208; baseline 0.015 -1"><span class='ocrx_word' id='word_1_203' title='bbox 275 2166 340 2208; x_wconf 90' lang='grc'>10</span> 
     </span>
    </p>
   </div>
   <div class='ocr_carea' id='block_1_4' title="bbox 378 2815 1382 3815">
    <p class='ocr_par' dir='ltr' id='par_1_4' title="bbox 378 2815 1378 3020">
     <span class='ocr_line' id='line_1_27' title="bbox 451 2815 1377 2883; baseline -0.002 -13"><span class='ocrx_word' id='word_1_204' title='bbox 451 2817 642 2871; x_wconf 90' lang='lat' dir='ltr'><strong><em>XLVI</em></strong></span> <span class='ocrx_word' id='word_1_205' title='bbox 646 2861 657 2873; x_wconf 92' lang='lat'>.</span> <span class='ocrx_word' id='word_1_206' title='bbox 754 2817 863 2869; x_wconf 83' lang='lat' dir='ltr'>The</span> <span class='ocrx_word' id='word_1_207' title='bbox 907 2818 1053 2883; x_wconf 72' lang='lat' dir='ltr'>‘sieqe</span> <span class='ocrx_word' id='word_1_208' title='bbox 1105 2815 1203 2869; x_wconf 72' lang='lat' dir='ltr'>has</span> <span class='ocrx_word' id='word_1_209' title='bbox 1255 2833 1377 2868; x_wconf 84' lang='lat' dir='ltr'>con-</span> 
     </span>
     <span class='ocr_line' id='line_1_28' title="bbox 378 2884 1378 2949; baseline -0.004 -11"><span class='ocrx_word' id='word_1_210' title='bbox 378 2887 563 2938; x_wconf 82' lang='lat' dir='ltr'>tinued</span> <span class='ocrx_word' id='word_1_211' title='bbox 588 2892 643 2938; x_wconf 82' lang='lat' dir='ltr'>at</span> <span class='ocrx_word' id='word_1_212' title='bbox 670 2885 850 2948; x_wconf 81' lang='lat' dir='ltr'>Rome,</span> <span class='ocrx_word' id='word_1_213' title='bbox 880 2885 962 2936; x_wconf 84' lang='lat' dir='ltr'>the</span> <span class='ocrx_word' id='word_1_214' title='bbox 988 2884 1157 2936; x_wconf 71' lang='lat' dir='ltr'>Gaul-3</span> <span class='ocrx_word' id='word_1_215' title='bbox 1182 2884 1378 2949; x_wconf 78' lang='lat' dir='ltr'>merely</span> 
     </span>
     <span class='ocr_line' id='line_1_29' title="bbox 380 2953 1058 3020; baseline 0 -16"><span class='ocrx_word' id='word_1_216' title='bbox 380 2953 686 3020; x_wconf 70' lang='lat' dir='ltr'>preventiny</span> <span class='ocrx_word' id='word_1_217' title='bbox 716 2969 827 3017; x_wconf 78' lang='lat' dir='ltr'>any</span> <span class='ocrx_word' id='word_1_218' title='bbox 858 2968 1058 3018; x_wconf 80' lang='lat' dir='ltr'>escape.</span> 
     </span>
    </p>

    <p class='ocr_par' dir='ltr' id='par_1_5' title="bbox 378 3033 1377 3212">
     <span class='ocr_line' id='line_1_30' title="bbox 443 3033 1377 3080; baseline -0.001 -4"><span class='ocrx_word' id='word_1_219' title='bbox 443 3035 492 3077; x_wconf 76' lang='lat'>4.</span> <span class='ocrx_word' id='word_1_220' title='bbox 538 3034 805 3080; x_wconf 65' lang='lat' dir='ltr'>Romamn</span> <span class='ocrx_word' id='word_1_221' title='bbox 884 3033 1377 3076; x_wconf 75' lang='lat' dir='ltr'>convenientibus:</span> 
     </span>
     <span class='ocr_line' id='line_1_31' title="bbox 379 3099 1377 3152; baseline -0.001 -8"><span class='ocrx_word' id='word_1_222' title='bbox 379 3101 544 3144; x_wconf 80' lang='lat' dir='ltr'>causal</span> <span class='ocrx_word' id='word_1_223' title='bbox 586 3100 683 3144; x_wconf 83' lang='lat' dir='ltr'>abl.</span> <span class='ocrx_word' id='word_1_224' title='bbox 728 3101 831 3144; x_wconf 74' lang='lat' dir='ltr'>aba.</span> <span class='ocrx_word' id='word_1_225' title='bbox 906 3099 1081 3152; x_wconf 71' lang='lat' dir='ltr'>palati</span> <span class='ocrx_word' id='word_1_226' title='bbox 1122 3099 1377 3143; x_wconf 69' lang='lat' dir='ltr'>fuerant:</span> 
     </span>
     <span class='ocr_line' id='line_1_32' title="bbox 378 3167 885 3212; baseline 0 0"><span class='ocrx_word' id='word_1_227' title='bbox 378 3179 459 3212; x_wconf 84' lang='lat' dir='ltr'>see</span> <span class='ocrx_word' id='word_1_228' title='bbox 488 3167 676 3212; x_wconf 86' lang='lat' dir='ltr'>Introd.</span> <span class='ocrx_word' id='word_1_229' title='bbox 702 3169 756 3212; x_wconf 89' lang='lat' dir='ltr'>V.</span> <span class='ocrx_word' id='word_1_230' title='bbox 782 3171 823 3211; x_wconf 86' lang='lat'>4.</span> <span class='ocrx_word' id='word_1_231' title='bbox 850 3179 885 3212; x_wconf 90' lang='lat' dir='ltr'>c.</span> 
     </span>
    </p>

    <p class='ocr_par' dir='ltr' id='par_1_6' title="bbox 444 3235 1162 3290">
     <span class='ocr_line' id='line_1_33' title="bbox 444 3235 1162 3290; baseline 0 -11"><span class='ocrx_word' id='word_1_232' title='bbox 444 3238 493 3279; x_wconf 75' lang='lat'>5.</span> <span class='ocrx_word' id='word_1_233' title='bbox 524 3236 586 3279; x_wconf 84' lang='lat' dir='ltr'>in</span> <span class='ocrx_word' id='word_1_234' title='bbox 609 3236 792 3290; x_wconf 73' lang='lat' dir='ltr'>parte:</span> <span class='ocrx_word' id='word_1_235' title='bbox 821 3253 864 3268; x_wconf 90' lang='lat'><em>=</em></span> <span class='ocrx_word' id='word_1_236' title='bbox 892 3235 1162 3286; x_wconf 74' lang='lat' dir='ltr'>participes.</span> 
     </span>
    </p>

    <p class='ocr_par' dir='ltr' id='par_1_7' title="bbox 380 3301 1377 3554">
     <span class='ocr_line' id='line_1_34' title="bbox 445 3301 1376 3347; baseline -0.001 -2"><span class='ocrx_word' id='word_1_237' title='bbox 445 3304 493 3345; x_wconf 76' lang='lat'>6.</span> <span class='ocrx_word' id='word_1_238' title='bbox 529 3301 769 3347; x_wconf 74' lang='lat' dir='ltr'>camilli:</span> <span class='ocrx_word' id='word_1_239' title='bbox 817 3313 871 3344; x_wconf 83' lang='lat' dir='ltr'>as</span> <span class='ocrx_word' id='word_1_240' title='bbox 917 3302 1130 3345; x_wconf 86' lang='lat' dir='ltr'>dictator</span> <span class='ocrx_word' id='word_1_241' title='bbox 1180 3301 1231 3344; x_wconf 90' lang='lat' dir='ltr'>in</span> <span class='ocrx_word' id='word_1_242' title='bbox 1284 3302 1376 3344; x_wconf 84' lang='lat'>396</span> 
     </span>
     <span class='ocr_line' id='line_1_35' title="bbox 380 3369 1377 3413; baseline -0.002 -1"><span class='ocrx_word' id='word_1_243' title='bbox 380 3379 431 3412; x_wconf 73' lang='grc' dir='ltr'>Β.</span> <span class='ocrx_word' id='word_1_244' title='bbox 458 3381 502 3412; x_wconf 89' lang='lat' dir='ltr'>c.</span> <span class='ocrx_word' id='word_1_245' title='bbox 529 3369 592 3412; x_wconf 88' lang='lat' dir='ltr'>he</span> <span class='ocrx_word' id='word_1_246' title='bbox 616 3369 715 3412; x_wconf 86' lang='lat' dir='ltr'>had</span> <span class='ocrx_word' id='word_1_247' title='bbox 742 3369 905 3412; x_wconf 83' lang='lat' dir='ltr'>forced</span> <span class='ocrx_word' id='word_1_248' title='bbox 933 3370 1018 3412; x_wconf 84' lang='lat' dir='ltr'>the</span> <span class='ocrx_word' id='word_1_249' title='bbox 1043 3369 1299 3413; x_wconf 88' lang='lat' dir='ltr'>surrender</span> <span class='ocrx_word' id='word_1_250' title='bbox 1325 3369 1377 3410; x_wconf 84' lang='lat' dir='ltr'>of</span> 
     </span>
     <span class='ocr_line' id='line_1_36' title="bbox 382 3435 1377 3486; baseline -0.001 -6"><span class='ocrx_word' id='word_1_251' title='bbox 382 3436 502 3486; x_wconf 85' lang='lat' dir='ltr'>Veii.</span> <span class='ocrx_word' id='word_1_252' title='bbox 556 3437 684 3479; x_wconf 81' lang='lat' dir='ltr'>atter</span> <span class='ocrx_word' id='word_1_253' title='bbox 736 3435 821 3479; x_wconf 85' lang='lat' dir='ltr'>the</span> <span class='ocrx_word' id='word_1_254' title='bbox 873 3436 1092 3479; x_wconf 85' lang='lat' dir='ltr'>Romans</span> <span class='ocrx_word' id='word_1_255' title='bbox 1142 3436 1241 3479; x_wconf 87' lang='lat' dir='ltr'>had</span> <span class='ocrx_word' id='word_1_256' title='bbox 1295 3436 1377 3479; x_wconf 89' lang='lat' dir='ltr'>be-</span> 
     </span>
     <span class='ocr_line' id='line_1_37' title="bbox 382 3503 1249 3554; baseline 0.002 -8"><span class='ocrx_word' id='word_1_257' title='bbox 382 3503 543 3554; x_wconf 86' lang='lat' dir='ltr'>sieged</span> <span class='ocrx_word' id='word_1_258' title='bbox 579 3503 665 3547; x_wconf 85' lang='lat' dir='ltr'>the</span> <span class='ocrx_word' id='word_1_259' title='bbox 698 3505 831 3546; x_wconf 91' lang='lat' dir='ltr'>town</span> <span class='ocrx_word' id='word_1_260' title='bbox 866 3505 941 3546; x_wconf 87' lang='lat' dir='ltr'>for</span> <span class='ocrx_word' id='word_1_261' title='bbox 975 3508 1059 3546; x_wconf 86' lang='lat' dir='ltr'>ten</span> <span class='ocrx_word' id='word_1_262' title='bbox 1093 3515 1249 3554; x_wconf 82' lang='lat' dir='ltr'>years.</span> 
     </span>
    </p>

    <p class='ocr_par' dir='ltr' id='par_1_8' title="bbox 382 3571 1380 3752">
     <span class='ocr_line' id='line_1_38' title="bbox 445 3571 1380 3622; baseline -0.002 -8"><span class='ocrx_word' id='word_1_263' title='bbox 445 3573 495 3614; x_wconf 74' lang='lat'>7.</span> <span class='ocrx_word' id='word_1_264' title='bbox 518 3571 720 3621; x_wconf 79' lang='lat' dir='ltr'>pudor:</span> <span class='ocrx_word' id='word_1_265' title='bbox 734 3571 765 3588; x_wconf 80' lang='lat'>‘⁴</span> <span class='ocrx_word' id='word_1_266' title='bbox 775 3581 911 3613; x_wconf 87' lang='lat' dir='ltr'>sense</span> <span class='ocrx_word' id='word_1_267' title='bbox 922 3571 973 3612; x_wconf 83' lang='lat' dir='ltr'>of</span> <span class='ocrx_word' id='word_1_268' title='bbox 984 3571 1285 3622; x_wconf 82' lang='lat' dir='ltr'>propriety.”</span> <span class='ocrx_word' id='word_1_269' title='bbox 1298 3577 1380 3612; x_wconf 77' lang='lat' dir='ltr'>ro-</span> 
     </span>
     <span class='ocr_line' id='line_1_39' title="bbox 382 3635 1378 3687; baseline -0.002 -7"><span class='ocrx_word' id='word_1_270' title='bbox 382 3645 515 3680; x_wconf 84' lang='lat' dir='ltr'>rum</span> <span class='ocrx_word' id='word_1_271' title='bbox 540 3665 554 3678; x_wconf 92' lang='lat'>.</span> <span class='ocrx_word' id='word_1_272' title='bbox 592 3665 605 3678; x_wconf 88' lang='lat'>.</span> <span class='ocrx_word' id='word_1_273' title='bbox 637 3665 650 3678; x_wconf 88' lang='lat'>.</span> <span class='ocrx_word' id='word_1_274' title='bbox 671 3635 1127 3687; x_wconf 75' lang='lat' dir='ltr'>rebuezi.e.··they</span> <span class='ocrx_word' id='word_1_275' title='bbox 1140 3636 1378 3679; x_wconf 84' lang='lat' dir='ltr'>observed</span> 
     </span>
     <span class='ocr_line' id='line_1_40' title="bbox 383 3703 1379 3752; baseline 0 -7"><span class='ocrx_word' id='word_1_276' title='bbox 383 3704 670 3746; x_wconf 83' lang='lat' dir='ltr'>distinction</span> <span class='ocrx_word' id='word_1_277' title='bbox 706 3703 894 3752; x_wconf 85' lang='lat' dir='ltr'>though</span> <span class='ocrx_word' id='word_1_278' title='bbox 916 3713 1033 3744; x_wconf 85' lang='lat' dir='ltr'>near</span> <span class='ocrx_word' id='word_1_279' title='bbox 1053 3703 1379 3745; x_wconf 84' lang='lat' dir='ltr'>extinction.&#39;&#39;</span> 
     </span>
    </p>

    <p class='ocr_par' dir='ltr' id='par_1_9' title="bbox 446 3769 1382 3815">
     <span class='ocr_line' id='line_1_41' title="bbox 446 3769 1382 3815; baseline -0.003 0"><span class='ocrx_word' id='word_1_280' title='bbox 446 3773 495 3815; x_wconf 81' lang='grc'>8.</span> <span class='ocrx_word' id='word_1_281' title='bbox 520 3769 763 3813; x_wconf 75' lang='lat' dir='ltr'>secundo</span> <span class='ocrx_word' id='word_1_282' title='bbox 819 3769 1021 3813; x_wconf 73' lang='lat' dir='ltr'>&#39;riberie</span> <span class='ocrx_word' id='word_1_283' title='bbox 1068 3769 1251 3811; x_wconf 85' lang='lat' dir='ltr'>‘&#39;down</span> <span class='ocrx_word' id='word_1_284' title='bbox 1296 3770 1382 3812; x_wconf 82' lang='lat' dir='ltr'>the</span> 
     </span>
    </p>
   </div>
   <div class='ocr_carea' id='block_1_5' title="bbox 1476 2815 2476 2936">
    <p class='ocr_par' dir='ltr' id='par_1_10' title="bbox 1476 2815 2476 2936">
     <span class='ocr_line' id='line_1_42' title="bbox 1478 2815 2476 2869; baseline 0 -11"><span class='ocrx_word' id='word_1_285' title='bbox 1478 2815 1675 2864; x_wconf 86' lang='lat' dir='ltr'>Tiber:”</span> <span class='ocrx_word' id='word_1_286' title='bbox 1697 2816 1825 2860; x_wconf 85' lang='lat' dir='ltr'>after</span> <span class='ocrx_word' id='word_1_287' title='bbox 1847 2815 1932 2860; x_wconf 83' lang='lat' dir='ltr'>the</span> <span class='ocrx_word' id='word_1_288' title='bbox 1959 2815 2170 2869; x_wconf 82' lang='lat' dir='ltr'>analogy</span> <span class='ocrx_word' id='word_1_289' title='bbox 2192 2815 2244 2859; x_wconf 78' lang='lat' dir='ltr'>ot</span> <span class='ocrx_word' id='word_1_290' title='bbox 2271 2815 2476 2859; x_wconf 71' lang='lat' dir='ltr'>secunda</span> 
     </span>
     <span class='ocr_line' id='line_1_43' title="bbox 1476 2883 2012 2936; baseline 0.009 -12"><span class='ocrx_word' id='word_1_291' title='bbox 1476 2894 1601 2931; x_wconf 76' lang='lat' dir='ltr'>aqua</span> <span class='ocrx_word' id='word_1_292' title='bbox 1630 2883 1710 2930; x_wconf 83' lang='lat' dir='ltr'>(cf.</span> <span class='ocrx_word' id='word_1_293' title='bbox 1738 2886 1813 2927; x_wconf 88' lang='lat'>21.</span> <span class='ocrx_word' id='word_1_294' title='bbox 1840 2887 1915 2928; x_wconf 88' lang='lat'>28.</span> <span class='ocrx_word' id='word_1_295' title='bbox 1943 2886 2012 2936; x_wconf 89' lang='grc'>7).</span> 
     </span>
    </p>
   </div>
   <div class='ocr_carea' id='block_1_6' title="bbox 1478 2956 2478 3077">
    <p class='ocr_par' dir='ltr' id='par_1_11' title="bbox 1478 2956 2478 3077">
     <span class='ocr_line' id='line_1_44' title="bbox 1539 2956 2478 3008; baseline 0.002 -9"><span class='ocrx_word' id='word_1_296' title='bbox 1539 2958 1589 3000; x_wconf 74' lang='grc' dir='ltr'>ο.</span> <span class='ocrx_word' id='word_1_297' title='bbox 1623 2959 1994 3008; x_wconf 71' lang='lat' dir='ltr'>praeruptum</span> <span class='ocrx_word' id='word_1_298' title='bbox 2021 2987 2035 3001; x_wconf 90' lang='lat'>.</span> <span class='ocrx_word' id='word_1_299' title='bbox 2063 2987 2077 3001; x_wconf 92' lang='lat'>.</span> <span class='ocrx_word' id='word_1_300' title='bbox 2105 2988 2119 3001; x_wconf 92' lang='lat'>.</span> <span class='ocrx_word' id='word_1_301' title='bbox 2142 2966 2367 3002; x_wconf 75' lang='lat' dir='ltr'>saxum:</span> <span class='ocrx_word' id='word_1_302' title='bbox 2391 2956 2478 3001; x_wconf 80' lang='lat' dir='ltr'>the</span> 
     </span>
     <span class='ocr_line' id='line_1_45' title="bbox 1478 3024 2099 3077; baseline 0.006 -12"><span class='ocrx_word' id='word_1_303' title='bbox 1478 3024 1670 3067; x_wconf 83' lang='lat' dir='ltr'>famous</span> <span class='ocrx_word' id='word_1_304' title='bbox 1699 3025 1941 3077; x_wconf 84' lang='lat' dir='ltr'>Tarpeian</span> <span class='ocrx_word' id='word_1_305' title='bbox 1966 3026 2099 3069; x_wconf 90' lang='lat' dir='ltr'>rock.</span> 
     </span>
    </p>
   </div>
   <div class='ocr_carea' id='block_1_7' title="bbox 1476 3098 2482 3821">
    <p class='ocr_par' dir='ltr' id='par_1_12' title="bbox 1476 3098 2479 3411">
     <span class='ocr_line' id='line_1_46' title="bbox 1542 3098 2478 3143; baseline 0.003 -3"><span class='ocrx_word' id='word_1_306' title='bbox 1542 3098 1622 3140; x_wconf 85' lang='lat'>10.</span> <span class='ocrx_word' id='word_1_307' title='bbox 1655 3098 1745 3142; x_wconf 79' lang='lat' dir='ltr'>uti</span> <span class='ocrx_word' id='word_1_308' title='bbox 1790 3128 1805 3142; x_wconf 93' lang='lat'>.</span> <span class='ocrx_word' id='word_1_309' title='bbox 1850 3127 1864 3142; x_wconf 89' lang='lat'>.</span> <span class='ocrx_word' id='word_1_310' title='bbox 1909 3128 1923 3142; x_wconf 92' lang='lat'>.</span> <span class='ocrx_word' id='word_1_311' title='bbox 1963 3098 2197 3142; x_wconf 75' lang='lat' dir='ltr'>vellent:</span> <span class='ocrx_word' id='word_1_312' title='bbox 2239 3099 2324 3142; x_wconf 87' lang='lat' dir='ltr'>the</span> <span class='ocrx_word' id='word_1_313' title='bbox 2362 3099 2478 3143; x_wconf 82' lang='lat' dir='ltr'>sub-</span> 
     </span>
     <span class='ocr_line' id='line_1_47' title="bbox 1477 3166 2479 3210; baseline 0.003 -3"><span class='ocrx_word' id='word_1_314' title='bbox 1477 3169 1646 3208; x_wconf 85' lang='lat' dir='ltr'>stance</span> <span class='ocrx_word' id='word_1_315' title='bbox 1669 3167 1720 3208; x_wconf 83' lang='lat' dir='ltr'>of</span> <span class='ocrx_word' id='word_1_316' title='bbox 1743 3166 1830 3210; x_wconf 89' lang='lat' dir='ltr'>the</span> <span class='ocrx_word' id='word_1_317' title='bbox 1851 3167 2043 3208; x_wconf 73' lang='lat' dir='ltr'>cenatus</span> <span class='ocrx_word' id='word_1_318' title='bbox 2065 3167 2342 3210; x_wconf 70' lang='lat' dir='ltr'>consultum.</span> <span class='ocrx_word' id='word_1_319' title='bbox 2397 3175 2479 3210; x_wconf 78' lang='lat' dir='ltr'>ro-</span> 
     </span>
     <span class='ocr_line' id='line_1_48' title="bbox 1476 3233 2476 3289; baseline 0.003 -15"><span class='ocrx_word' id='word_1_320' title='bbox 1476 3233 1735 3276; x_wconf 74' lang='lat' dir='ltr'>vocatus:</span> <span class='ocrx_word' id='word_1_321' title='bbox 1785 3234 1994 3276; x_wconf 85' lang='lat' dir='ltr'>because</span> <span class='ocrx_word' id='word_1_322' title='bbox 2043 3243 2108 3275; x_wconf 86' lang='lat' dir='ltr'>an</span> <span class='ocrx_word' id='word_1_323' title='bbox 2159 3234 2282 3277; x_wconf 83' lang='lat' dir='ltr'>exile</span> <span class='ocrx_word' id='word_1_324' title='bbox 2332 3233 2476 3289; x_wconf 83' lang='lat' dir='ltr'>could</span> 
     </span>
     <span class='ocr_line' id='line_1_49' title="bbox 1477 3300 2477 3353; baseline 0.003 -11"><span class='ocrx_word' id='word_1_325' title='bbox 1477 3304 1565 3342; x_wconf 85' lang='lat' dir='ltr'>not</span> <span class='ocrx_word' id='word_1_326' title='bbox 1606 3300 1667 3343; x_wconf 87' lang='lat' dir='ltr'>be</span> <span class='ocrx_word' id='word_1_327' title='bbox 1707 3300 1992 3352; x_wconf 80' lang='lat' dir='ltr'>appointed.</span> <span class='ocrx_word' id='word_1_328' title='bbox 2064 3300 2223 3344; x_wconf 76' lang='lat' dir='ltr'>iussu</span> <span class='ocrx_word' id='word_1_329' title='bbox 2260 3301 2477 3353; x_wconf 77' lang='lat' dir='ltr'>populi:</span> 
     </span>
     <span class='ocr_line' id='line_1_50' title="bbox 1476 3367 2350 3411; baseline 0.003 -3"><span class='ocrx_word' id='word_1_330' title='bbox 1476 3367 1597 3410; x_wconf 84' lang='lat' dir='ltr'>with</span> <span class='ocrx_word' id='word_1_331' title='bbox 1621 3368 1862 3410; x_wconf 81' lang='lat' dir='ltr'>diceretur.</span> <span class='ocrx_word' id='word_1_332' title='bbox 1921 3367 2141 3411; x_wconf 75' lang='lat' dir='ltr'>eadem:</span> <span class='ocrx_word' id='word_1_333' title='bbox 2166 3378 2231 3411; x_wconf 88' lang='lat' dir='ltr'>sc.</span> <span class='ocrx_word' id='word_1_334' title='bbox 2257 3368 2350 3411; x_wconf 80' lang='lat' dir='ltr'>via.</span> 
     </span>
    </p>

    <p class='ocr_par' dir='ltr' id='par_1_13' title="bbox 1477 3434 2482 3821">
     <span class='ocr_line' id='line_1_51' title="bbox 1544 3434 2477 3486; baseline 0.002 -9"><span class='ocrx_word' id='word_1_335' title='bbox 1544 3434 1623 3477; x_wconf 87' lang='lat'>11.</span> <span class='ocrx_word' id='word_1_336' title='bbox 1657 3443 1774 3484; x_wconf 76' lang='lat' dir='ltr'>sou.</span> <span class='ocrx_word' id='word_1_337' title='bbox 1807 3438 1922 3477; x_wconf 85' lang='lat' dir='ltr'>etc.:</span> <span class='ocrx_word' id='word_1_338' title='bbox 1954 3435 2040 3478; x_wconf 84' lang='lat' dir='ltr'>the</span> <span class='ocrx_word' id='word_1_339' title='bbox 2070 3435 2208 3486; x_wconf 81' lang='lat' dir='ltr'>point</span> <span class='ocrx_word' id='word_1_340' title='bbox 2240 3435 2289 3478; x_wconf 88' lang='lat' dir='ltr'>in</span> <span class='ocrx_word' id='word_1_341' title='bbox 2319 3435 2477 3479; x_wconf 80' lang='lat' dir='ltr'>doubt</span> 
     </span>
     <span class='ocr_line' id='line_1_52' title="bbox 1477 3501 2479 3553; baseline 0.001 -9"><span class='ocrx_word' id='word_1_342' title='bbox 1477 3503 1518 3544; x_wconf 88' lang='lat' dir='ltr'>is</span> <span class='ocrx_word' id='word_1_343' title='bbox 1539 3501 1760 3544; x_wconf 87' lang='lat' dir='ltr'>whether</span> <span class='ocrx_word' id='word_1_344' title='bbox 1784 3502 2028 3552; x_wconf 85' lang='lat' dir='ltr'>Camillus,</span> <span class='ocrx_word' id='word_1_345' title='bbox 2057 3503 2382 3553; x_wconf 85' lang='lat' dir='ltr'>anticipating</span> <span class='ocrx_word' id='word_1_346' title='bbox 2403 3502 2479 3545; x_wconf 89' lang='lat' dir='ltr'>his</span> 
     </span>
     <span class='ocr_line' id='line_1_53' title="bbox 1477 3568 2479 3621; baseline 0.003 -11"><span class='ocrx_word' id='word_1_347' title='bbox 1477 3568 1621 3612; x_wconf 87' lang='lat' dir='ltr'>recall</span> <span class='ocrx_word' id='word_1_348' title='bbox 1638 3569 1734 3611; x_wconf 83' lang='lat' dir='ltr'>and</span> <span class='ocrx_word' id='word_1_349' title='bbox 1753 3569 2112 3620; x_wconf 82' lang='lat' dir='ltr'>appointment.</span> <span class='ocrx_word' id='word_1_350' title='bbox 2131 3569 2479 3621; x_wconf 84' lang='lat' dir='ltr'>accompanied</span> 
     </span>
     <span class='ocr_line' id='line_1_54' title="bbox 1479 3636 2476 3696; baseline 0 -17"><span class='ocrx_word' id='word_1_351' title='bbox 1479 3636 1565 3679; x_wconf 87' lang='lat' dir='ltr'>the</span> <span class='ocrx_word' id='word_1_352' title='bbox 1583 3637 1722 3696; x_wconf 66' lang='lat' dir='ltr'>leodii</span> <span class='ocrx_word' id='word_1_353' title='bbox 1739 3640 1790 3679; x_wconf 84' lang='lat' dir='ltr'>at</span> <span class='ocrx_word' id='word_1_354' title='bbox 1811 3646 1932 3678; x_wconf 90' lang='lat' dir='ltr'>once</span> <span class='ocrx_word' id='word_1_355' title='bbox 1962 3639 2014 3678; x_wconf 84' lang='lat' dir='ltr'>to</span> <span class='ocrx_word' id='word_1_356' title='bbox 2035 3636 2152 3685; x_wconf 85' lang='lat' dir='ltr'>Veii.</span> <span class='ocrx_word' id='word_1_357' title='bbox 2173 3646 2228 3678; x_wconf 91' lang='lat' dir='ltr'>or</span> <span class='ocrx_word' id='word_1_358' title='bbox 2244 3636 2476 3686; x_wconf 84' lang='lat' dir='ltr'>whether.</span> 
     </span>
     <span class='ocr_line' id='line_1_55' title="bbox 1480 3702 2476 3754; baseline 0.003 -10"><span class='ocrx_word' id='word_1_359' title='bbox 1480 3713 1534 3744; x_wconf 83' lang='lat' dir='ltr'>as</span> <span class='ocrx_word' id='word_1_360' title='bbox 1566 3703 1691 3754; x_wconf 85' lang='lat' dir='ltr'>Livy</span> <span class='ocrx_word' id='word_1_361' title='bbox 1720 3703 1761 3744; x_wconf 89' lang='lat' dir='ltr'>is</span> <span class='ocrx_word' id='word_1_362' title='bbox 1791 3713 1924 3745; x_wconf 87' lang='lat' dir='ltr'>more</span> <span class='ocrx_word' id='word_1_363' title='bbox 1951 3702 2163 3746; x_wconf 87' lang='lat' dir='ltr'>inclined</span> <span class='ocrx_word' id='word_1_364' title='bbox 2193 3707 2247 3746; x_wconf 86' lang='lat' dir='ltr'>to</span> <span class='ocrx_word' id='word_1_365' title='bbox 2276 3703 2476 3754; x_wconf 83' lang='lat' dir='ltr'>believe,</span> 
     </span>
     <span class='ocr_line' id='line_1_56' title="bbox 1481 3769 2482 3821; baseline 0.003 -10"><span class='ocrx_word' id='word_1_366' title='bbox 1481 3769 1542 3812; x_wconf 87' lang='lat' dir='ltr'>he</span> <span class='ocrx_word' id='word_1_367' title='bbox 1572 3769 1782 3812; x_wconf 84' lang='lat' dir='ltr'>awaited</span> <span class='ocrx_word' id='word_1_368' title='bbox 1814 3780 1949 3812; x_wconf 90' lang='lat' dir='ltr'>more</span> <span class='ocrx_word' id='word_1_369' title='bbox 1978 3770 2205 3821; x_wconf 82' lang='lat' dir='ltr'>formally</span> <span class='ocrx_word' id='word_1_370' title='bbox 2235 3775 2287 3814; x_wconf 82' lang='lat' dir='ltr'>at</span> <span class='ocrx_word' id='word_1_371' title='bbox 2322 3771 2482 3814; x_wconf 82' lang='lat' dir='ltr'>Ardea</span> 
     </span>
    </p>
   </div>
   <div class='ocr_carea' id='block_1_8' title="bbox 1911 3968 1931 3994">
    <p class='ocr_par' dir='ltr' id='par_1_14' title="bbox 1911 3968 1931 3994">
     <span class='ocr_line' id='line_1_57' title="bbox 1911 3968 1931 3994; baseline 0 -2"><span class='ocrx_word' id='word_1_372' title='bbox 1911 3968 1931 3994; x_wconf 56' lang='grc' dir='ltr'>ἢ</span> 
     </span>
    </p>
   </div>
  </div>
 </body>
</html>
