2925 4375
225 2034 258 2076 7
298 2013 478 2075 sisse.

304 234 406 290 liv.
451 234 535 301 10]

219 426 256 468 3
300 416 447 478 dux
495 414 577 479 ad
626 412 935 478 ultimum
985 412 1134 477 belli
1182 412 1432 493 legitur.

1217 233 1455 287 LIBER
1492 233 1521 287 Ι
1867 274 1874 280 -
2335 236 2405 290 67

1525 412 1627 476 Ibi
1676 434 1825 476 cum
1873 414 2073 479 inscia
2110 417 2405 481 multitu-

300 515 480 591 dine,
521 514 679 595 quid
720 520 1037 593 ageretur,
1079 513 1322 593 proelia
1361 534 1569 592 parva
1605 514 1776 577 inter
1815 515 2097 578 Romam
2136 516 2406 581 Gabios-

303 635 436 696 que
478 615 727 689 fierent,
760 613 996 694 quibus
1038 612 1419 693 plerumque
1458 612 1715 676 Gabina
1752 634 1851 676 res
1886 615 2177 703 superior
2213 625 2403 693 esset,

302 723 454 778 tum
516 712 818 777 certatim
877 712 1116 776 summi
1177 712 1515 793 infimique
1576 711 1980 777 Gabinorum
2043 717 2187 778 Sex.
2250 718 2405 781 Tar-

219 828 256 867 4
300 814 605 896 quinium
637 813 809 875 dono
847 813 1042 874 deum
1086 811 1209 874 sibi
1253 812 1523 875 missum
1568 812 1801 874 ducem
1847 814 2119 878 credere.

2210 817 2402 897 Apud

302 913 546 976 milites
594 932 748 976 vero
797 912 1100 975 obeundo
1149 911 1435 990 pericula
1486 931 1560 974 ac
1611 912 1863 976 labores
1910 916 2171 994 pariter,
2222 936 2404 996 prae-

299 1014 460 1077 dam
499 1012 800 1075 munifice
839 1011 1168 1091 largiendo
1208 1019 1399 1074 tanta
1435 1012 1710 1075 caritate
1744 1034 1901 1090 esse,
1940 1021 2017 1077 ut
2053 1036 2183 1078 non
2217 1023 2404 1097 pater

299 1113 698 1194 Tarquinius
755 1112 1086 1191 potentior
1145 1113 1395 1174 Romae
1453 1131 1653 1192 quam
1712 1112 1879 1176 filius
1904 1194 1911 1199 .
1935 1115 2159 1179 Gabiis
2212 1123 2399 1179 esset.

431 1214 670 1293 Itaque
723 1219 1079 1292 postquam
1135 1212 1294 1275 satis
1350 1212 1587 1273 virium
1645 1212 1986 1276 collectum
2043 1214 2125 1277 ad
2180 1236 2403 1279 omnes

300 1320 583 1376 conatus
622 1312 912 1387 videbat,
955 1318 1101 1374 tum
1141 1332 1223 1373 ex
1261 1312 1393 1375 suis
1433 1333 1638 1374 unum
1678 1312 2082 1376 sciscitatum
2122 1316 2404 1379 Romam

298 1414 388 1477 ad
449 1420 708 1493 patrem
769 1412 999 1488 mittit,
1062 1412 1376 1491 quidnam
1437 1431 1507 1474 se
1566 1412 1775 1473 facere
1835 1412 2050 1491 vellet,
2112 1415 2404 1495 quando-

299 1512 592 1594 quidem,
640 1518 720 1575 ut
766 1512 988 1575 omnia
1033 1531 1204 1574 unus
1251 1510 1476 1576 Gabiis
1523 1519 1762 1590 posset,
1812 1512 1870 1575 ei
1917 1512 2006 1574 dii
2052 1513 2399 1578 dedissent.

221 1628 256 1671 6
299 1614 478 1675 Huic
533 1612 788 1688 nuntio,
846 1611 1022 1693 quia,
1079 1611 1290 1688 credo,
1336 1610 1575 1673 dubiae
1631 1612 1780 1673 fidei
1823 1612 2189 1691 videbatur,
2244 1614 2403 1678 nihil

301 1733 467 1776 voce
509 1732 894 1793 responsum
936 1718 1056 1775 est.

1147 1712 1293 1775 Rex
1335 1710 1518 1774 velut
1562 1710 2107 1776 deliberabundus
2148 1714 2217 1778 in
2259 1716 2405 1778 hor-

301 1821 452 1876 tum
494 1812 754 1875 aedium
795 1812 1034 1875 transit
1072 1810 1368 1891 sequenti
1412 1811 1644 1874 nuntio
1686 1810 1797 1872 filii
1808 1833 1824 1888 3
1863 1811 1954 1873 ibi
1991 1812 2403 1877 inambulans

301 1913 549 1977 tacitus
595 1932 855 1976 summa
900 1931 1306 1991 papaverum
1355 1910 1574 1990 capita
1620 1910 1858 1973 dicitur
1905 1910 2136 1976 baculo
2181 1913 2405 1977 decus-

570 2011 1044 2090 Interrogando
1094 2009 1634 2089 expectandoque
1696 2029 2075 2089 responsum
2137 2014 2406 2077 nuntius

303 2114 533 2190 fessus,
574 2119 652 2175 ut
693 2131 759 2174 re
799 2111 1203 2192 imperfecta,
1245 2109 1413 2171 redit
1454 2108 1723 2179 Gabios:
1764 2129 1932 2190 quae
1971 2110 2207 2175 dixerit
2245 2113 2403 2194 ipse,

303 2207 606 2295 quae'que
661 2212 920 2288 viderit,
975 2212 1200 2273 refert:
1253 2230 1365 2273 seu
1418 2209 1516 2272 ira
1568 2229 1681 2273 seu
1736 2211 1885 2274 odio
1938 2230 2049 2274 seu
2104 2214 2406 2293 superbia

229 2336 264 2377 8
301 2313 506 2378 insita
550 2313 810 2392 ingenio
858 2312 1106 2374 nullam
1152 2330 1303 2372 eum
1351 2329 1579 2372 vocem
1627 2311 1930 2373 emisisse.

2024 2313 2222 2376 Sexto
2268 2313 2403 2390 ubi,
2434 2387 2446 2404 κ

305 2413 468 2493 quid
528 2414 724 2475 vellet
784 2431 1020 2491 parens
1081 2410 1322 2490 quidve
1382 2410 1782 2490 praeciperet
1842 2411 2059 2474 tacitis
2120 2412 2407 2492 ambagi-

307 2513 451 2590 bus,
515 2513 755 2592 patuit‚
820 2512 1135 2591 primores
1197 2509 1485 2573 civitatis
1547 2509 1948 2573 criminando
2012 2512 2168 2574 alios
2230 2513 2404 2592 apud

305 2613 646 2692 populum,
701 2612 860 2675 alios
909 2631 1030 2674 sua
1077 2610 1253 2689 ipsos
1302 2609 1551 2671 invidia
1600 2617 2005 2688 opportunos
2054 2612 2399 2676 interemit.

233 2737 266 2777 9
309 2712 502 2774 Multi
551 2712 792 2792 palam,
847 2710 1137 2792 quidam,
1190 2709 1258 2771 in
1309 2709 1546 2788 quibus
1598 2708 1811 2773 minus
1860 2711 2148 2789 speciosa
2198 2711 2406 2773 crimi-

310 2813 493 2875 natio
559 2818 701 2875 erat
768 2811 1013 2885 futura,
1076 2810 1243 2871 clam
1310 2807 1656 2870 interfecti.

1747 2810 1975 2873 Patuit
2012 2811 2405 2890 quibusdam

314 2911 686 2975 volentibus
724 2911 898 2989 fuga,
940 2909 1046 2972 alii
1083 2909 1151 2971 in
1187 2908 1486 2970 exsilium
1526 2907 1655 2970 acti
1691 2916 1866 2983 sunt,
1908 2909 2405 2992 absentiumque

205 3037 270 3079 10
313 3012 488 3074 bona
539 3011 729 3074 iuxta
784 3019 984 3090 atque
1039 3009 1583 3086 interemptorum
1621 3007 1858 3072 divisui
1894 3009 2089 3072 fuere.

376 3167 426 3209 8.
460 3165 724 3209 certatim
761 3195 775 3208 .
814 3195 827 3207 .
868 3195 881 3208 .
916 3163 1158 3208 credere:
1192 3175 1246 3206 as
1279 3164 1317 3206 if

313 3235 469 3285 vying
483 3234 605 3277 with
623 3233 744 3276 each
762 3233 902 3275 other
920 3233 971 3274 in
990 3233 1076 3276 the
1094 3232 1317 3281 strength

315 3302 367 3343 ot
398 3301 524 3344 their
555 3301 716 3344 belief.
781 3301 951 3343 dono:
983 3300 1122 3342 instr.
1156 3299 1253 3341 abl.

379 3370 428 3411 5.
462 3367 530 3411 ut
568 3396 581 3409 .
620 3396 633 3410 .
672 3396 686 3409 .
718 3366 929 3417 posset:
963 3366 1119 3408 subst.
1155 3365 1318 3408 clause

319 3435 448 3477 after
493 3434 742 3476 dedissent.
825 3433 1016 3476 omnia
1065 3440 1240 3475 unus:
1290 3443 1320 3474 3

319 3502 546 3550 frequent
588 3501 945 3543 combination:
986 3499 1047 3541 he
1087 3510 1186 3540 was
1227 3509 1320 3542 one

317 3579 434 3610 man
467 3567 530 3610 all
565 3566 814 3619 powerful.
880 3568 955 3610 el:
989 3567 1063 3607 for
1095 3565 1199 3610 sibi.
1237 3565 1320 3608 be-

317 3644 464 3676 cause
492 3634 616 3675 from
645 3633 731 3676 the
757 3631 1071 3682 messenger’s
1101 3632 1239 3683 point
1269 3632 1321 3674 of

317 3701 458 3743 vlew.

384 3769 432 3809 ο.
466 3766 961 3810 ‹leuben-abundus:
1005 3776 1084 3808 see
1128 3765 1317 3808 Introd.

323 3837 380 3880 V.
407 3838 449 3878 2.
472 3846 509 3879 e.
575 3840 804 3877 summa
877 3862 890 3877 .
952 3861 965 3876 .
1027 3861 1040 3875 .
1111 3832 1319 3882 capita:

2191 3011 2406 3090 Largi-

1416 3162 1504 3206 the
1550 3162 1707 3205 whole
1752 3168 1889 3214 story
1940 3164 1981 3206 is
2034 3163 2227 3215 applied
2281 3164 2407 3206 from

1419 3230 1701 3273 Herodotus
1733 3232 1777 3272 5.
1809 3233 1883 3272 92.

1481 3299 1529 3340 7.
1562 3298 1734 3340 insita
1760 3298 2009 3347 ingenio:
2040 3298 2295 3341 “inmite'’

1481 3366 1530 3406 8.
1564 3364 1751 3407 tacitis
1811 3364 2166 3414 ambagibus:
2225 3365 2406 3408 “silent

1417 3431 1776 3473 intimation3.''
1858 3439 1960 3474 sua
2015 3461 2028 3474 .
2084 3461 2097 3474 .
2153 3460 2166 3474 .
2218 3440 2408 3483 oppor-

1419 3498 1615 3541 tunos:
1654 3497 1878 3547 “readily
1901 3498 2157 3548 suggested
2193 3497 2262 3550 by
2283 3499 2409 3541 their

1419 3575 1528 3608 own
1553 3564 1953 3615 unpopularity.”

1481 3631 1531 3673 9.
1565 3630 1907 3675 volentibus:
1950 3631 2070 3674 with
2112 3632 2409 3674 condItional

1420 3698 1565 3740 force.
1632 3697 1791 3740 iuxta
1817 3698 2012 3748 atque:
2049 3699 2142 3740 “as
2167 3699 2272 3741 well
2305 3700 2409 3741 35.”

1420 3764 1625 3808 divisui
1687 3763 1865 3806 tuere:
1899 3782 1939 3796 =
1968 3765 2265 3810 dividuntur:
2332 3776 2410 3813 see

1420 3830 1609 3873 Introd.
1637 3831 1693 3875 V.
1723 3834 1761 3876 1.
1790 3833 1830 3876 b.
1862 3834 1948 3886 (2).
