2925 4375
435 262 504 314 30
1345 258 1409 311 T.
1449 259 1607 311 LIVI
2382 261 2462 327 [V.
2500 264 2539 316 6

437 442 631 504 Forte
683 444 749 501 et
809 425 1155 514 Numitori,
1214 458 1361 499 cum
1423 438 1491 501 in
1554 438 1851 501 custodia
1915 439 2197 502 Remum
2262 440 2534 503 haberet

439 540 854 619 audissetque
889 538 1178 617 geminos
1209 557 1346 599 esse
1378 537 1631 615 fratreS,
1668 538 2109 618 comparando
2140 544 2207 601 et
2243 546 2534 603 aetatem

437 658 660 701 eorum
730 644 795 700 et
864 637 1074 717 ipsam
1145 637 1407 699 minime
1478 637 1775 700 servilem
1844 637 2149 715 indolem,
2220 639 2535 719 tetigerat

440 739 731 803 animum
784 736 1094 799 memoria
1144 742 1487 817 nepotum;
1540 737 2058 818 sciscitandoque
2108 738 2339 800 eodem
2392 758 2537 820 per-

376 847 383 852 “
440 839 640 914 venit,
696 842 772 900 ut
827 836 1001 899 haud
1056 836 1280 916 procul
1332 850 1521 913 esset,
1580 837 1737 918 quin
1792 837 2073 899 Remum
2129 845 2528 917 agnosceret.

375 950 405 995 7
440 939 548 1001 Ita
575 937 866 1018 undique
895 936 1028 1015 regi
1049 936 1236 998 dolus
1267 937 1569 998 nectitur.
1646 936 1965 1000 Romulus
1996 958 2128 1000 non
2160 957 2309 999 cum
2342 939 2535 1018 globo

439 1038 754 1100 iuvenum
780 1072 862 1080 —
885 1056 1001 1098 nec
1049 1037 1223 1098 enim
1269 1041 1409 1098 erat
1459 1035 1543 1099 ad
1593 1036 1728 1098 vim
1776 1043 2071 1116 apertam
2119 1057 2239 1117 par
2263 1074 2365 1114 —,
2415 1038 2531 1101 sed

442 1137 582 1201 aliis
631 1137 754 1199 alio
802 1136 1033 1199 itinere
1082 1136 1269 1197 iussis
1318 1142 1495 1197 certo
1542 1138 1835 1216 tempore
1885 1135 1968 1198 ad
2017 1137 2260 1216 regiam
2309 1138 2533 1200 venire

441 1236 812 1317 pastoribus
845 1236 926 1298 ad
959 1254 1172 1314 regem
1203 1235 1524 1313 impetum
1556 1235 1733 1311 facit,
1766 1242 1834 1297 et
1868 1257 1905 1297 a
1936 1235 2133 1298 domo
2167 1237 2557 1299 Numitoris-

443 1335 569 1399 alia
649 1339 1029 1415 comparata
1109 1354 1306 1396 manu
1347 1419 1353 1423 .
1391 1334 1663 1397 adiuvat
1746 1334 2010 1396 Remus.
2138 1336 2246 1397 Ita
2316 1355 2536 1416 regem

441 1435 858 1498 obtruncant.

377 1548 404 1593 1
567 1535 681 1597 VI.
734 1534 1040 1597 Numitor
1073 1534 1244 1595 inter
1268 1533 1553 1613 primum
1579 1534 1939 1597 tumultum
1978 1535 2184 1597 hostis
2219 1535 2539 1598 invasisse

439 1634 670 1715 urbem
743 1639 944 1715 atque
1015 1633 1280 1696 adortos
1349 1634 1592 1712 regiam
1664 1633 1993 1711 dictitanS,
2070 1653 2218 1696 cum
2290 1634 2538 1715 pubem

443 1732 766 1796 Albanam
809 1734 880 1796 in
921 1752 1134 1796 arcem
1175 1732 1496 1812 praesidio
1541 1733 1867 1813 armisque
1908 1733 2336 1797 obtinendam
2379 1755 2541 1797 avo-

444 1842 673 1910 casset,
732 1840 1084 1914 postquam
1138 1832 1403 1894 iuvenes
1455 1838 1832 1913 perpetrata
1885 1832 2080 1923 caede
2132 1853 2395 1913 pergere
2449 1833 2535 1896 ad

442 1952 510 1995 se
558 1933 959 2013 gratulantes
1005 1932 1191 2008 vidit,
1239 1931 1569 2012 extemplo
1616 1931 1940 1995 advocato
1986 1932 2254 1996 concilio
2298 1933 2539 1997 scelera
2636 1992 2643 1997 .

444 2033 511 2095 in
559 2052 627 2095 se
678 2032 917 2108 fratriS,
971 2031 1281 2111 originem
1331 2038 1667 2111 nepotum,
1718 2038 1797 2094 ut
1849 2032 2067 2112 geniti,
2117 2038 2195 2095 ut
2246 2032 2534 2110 educati,

441 2137 518 2195 ut
573 2131 812 2213 cogniti
865 2138 1100 2209 essent,
1157 2131 1423 2196 caedem
1476 2131 1779 2213 deinceps
1829 2132 2095 2212 tyranni
2146 2152 2344 2214 seque
2395 2131 2540 2196 eius

377 2248 410 2292 2
444 2240 777 2297 auctorem
851 2233 1160 2296 ostendit.
1280 2232 1561 2294 Iuvenes
1630 2251 1748 2313 per
1820 2232 2101 2296 mediam
2165 2233 2538 2296 contionem

444 2334 699 2413 agmine
760 2333 1026 2412 ingressi
1086 2352 1235 2394 cum
1297 2352 1497 2395 avum
1556 2351 1772 2411 regem
1834 2332 2246 2408 salutassent,
2310 2339 2541 2396 secuta

442 2452 526 2495 ex
565 2433 744 2495 omni
786 2432 1204 2495 multitudine
1248 2431 1655 2494 consentiens
1697 2451 1828 2492 vox
1867 2438 2087 2494 ratum
2134 2451 2373 2494 nomen
2413 2432 2541 2494 im-

442 2533 824 2613 periumque
852 2533 985 2612 regi
1012 2532 1230 2594 efficit.

377 2647 410 2692 3
571 2634 678 2695 Ita
739 2632 1072 2695 Numitori
1138 2630 1392 2694 Albana
1455 2651 1523 2693 re
1586 2631 1916 2711 permissa,
1986 2630 2342 2694 Romulum
2409 2632 2542 2695 Re-

444 2752 758 2813 mumque
811 2731 1047 2812 cupido
1101 2732 1272 2811 cepit
1323 2731 1390 2793 in
1441 2731 1519 2792 iis
1571 2731 1742 2806 lociS‚
1796 2731 1911 2792 ubi
1961 2731 2243 2810 expositi
2292 2730 2541 2812 ubique

443 2832 705 2896 educati
768 2837 974 2908 erant,
1039 2831 1220 2893 urbis
1283 2831 1677 2893 condendae.
1788 2832 1875 2892 Et
1928 2837 2263 2910 supererat
2313 2830 2542 2896 multi-

443 2933 609 2996 tudo
657 2930 1059 2994 Albanorum
1107 2931 1647 3010 Latinorumque;
1695 2930 1777 2993 ad
1824 2930 1890 2992 id
1936 2937 2233 3010 pastores
2276 2949 2543 3012 quoque

445 3038 869 3108 accesserant,
939 3031 1053 3113 qui
1116 3049 1343 3093 omnes
1407 3029 1595 3109 facile
1661 3048 1843 3109 spem
1908 3029 2196 3093 facerent
2264 3050 2543 3111 parvam

441 3270 661 3314 eodem:
697 3269 823 3312 “the
854 3279 989 3312 same
1021 3265 1354 3317 conclusion,'’
1386 3276 1441 3308 as
1540 3267 1601 3310 be
1623 3264 1821 3310 divided
1844 3267 1896 3309 in
1919 3267 2228 3317 translation.
2254 3268 2387 3310 since
2410 3267 2545 3320 Eng-

445 3337 708 3380 Faustulus
781 3336 868 3384 (5).
968 3333 1464 3396 sciscitandoquets
1538 3337 1632 3379 lish
1672 3334 1788 3377 does
1828 3337 1915 3376 not
1958 3334 2097 3376 allow
2138 3345 2193 3376 so
2233 3345 2386 3386 many
2426 3335 2545 3378 sub-

441 3414 521 3447 see
560 3415 623 3446 on
665 3403 944 3454 fluitantem.
986 3404 1032 3445 4.
1074 3403 1118 3444 6.
1191 3400 1359 3443 estet:
1389 3419 1431 3434 =
1540 3401 1764 3444 ordinate
1852 3402 2229 3444 constructione.
2350 3401 2546 3451 gratu-

443 3470 628 3520 abesset,
685 3469 806 3512 with
860 3469 946 3512 the
999 3468 1117 3520 quin
1171 3467 1334 3509 clause
1387 3478 1440 3510 as
1538 3466 1745 3511 lantes:
1781 3468 1940 3510 “with
1973 3468 2446 3518 congratulations.”

441 3537 649 3587 subject.
1602 3535 1651 3576 2.
1685 3533 2123 3585 agmlnezabl.of
2139 3538 2544 3580 manner;trans-

505 3605 553 3648 7.
587 3602 748 3647 dolus
783 3603 1055 3646 nectitur:
1091 3602 1216 3645 “the
1250 3601 1441 3645 meshes
1539 3604 1639 3646 late
1671 3601 1791 3643 with
1824 3600 2038 3650 inoressi,
2076 3600 2254 3642 “came
2286 3599 2545 3651 marching

441 3683 524 3715 are
561 3671 745 3722 closing
782 3670 967 3722 upon.'’
1037 3668 1109 3713 ad
1146 3677 1360 3720 regem:
1390 3687 1432 3701 =
1540 3669 1641 3712 in.''
1714 3668 1910 3710 ratum
1958 3696 1971 3709 .
2021 3695 2035 3709 .
2084 3695 2097 3708 .
2141 3666 2338 3709 efficit:
2384 3666 2542 3709 “con-

441 3739 498 3783 in
525 3749 688 3790 renem.
1540 3735 1762 3778 firmcd.’'
2443 3735 2471 3746 ””

506 3805 591 3848 V1.
627 3806 675 3848 1.
708 3805 880 3848 inter:
960 3801 1228 3854 “during’'
1339 3801 1441 3846 The
1603 3803 1651 3845 8.
1686 3802 1757 3844 ad
1785 3801 1844 3844 ld
1878 3831 1891 3842 .
1926 3831 1939 3844 .
1976 3830 1988 3843 .
2019 3800 2392 3843 accesserant:
2450 3799 2544 3842 “in

443 3871 656 3927 perindie
677 3876 904 3915 sentence
924 3871 1035 3915 that
1059 3869 1244 3914 follows
1265 3869 1439 3912 should
1540 3868 1763 3912 addition
1806 3870 1878 3916 (to
1914 3868 2013 3912 this
2049 3878 2215 3910 excess
2250 3867 2301 3909 of
2336 3865 2545 3919 popula-
