2925 4375
246 1589 314 1631 10

1245 190 1483 243 LIBER
1518 190 1547 242 I
1642 212 1665 233 ο
2374 192 2445 242 49

355 196 506 249 xxiv.
547 194 604 260 2]

354 375 730 456 vicinosque
765 373 1040 455 populos
1090 372 1173 435 ad
1227 394 1408 435 arma
1442 370 1760 436 stimulat.
1852 370 2099 451 Neque,
2145 376 2317 433 recte
2356 390 2442 433 an

354 496 713 558 perperam,
777 474 1168 553 interpretor
1178 493 1193 549 ;
1255 472 1451 535 fuerit
1514 473 1642 534 ista
1701 471 1838 533 eius
1883 470 2281 546 deliberatio,
2330 470 2441 551 qui

355 576 596 639 bellum
640 574 925 655 suscepit
934 594 952 652 3
1005 593 1107 636 me
1166 572 1402 635 Albani
1447 570 1725 651 gerendo
1777 568 1943 633 bello
1988 570 2220 633 ducem
2272 590 2443 633 crea-

355 696 523 739 vere.
634 674 805 737 Illud
892 680 979 751 te,
1050 672 1253 757 Tulle,
1317 672 1642 734 monitum
1703 670 1925 733 velim:
2010 673 2285 735 Etrusca
2344 691 2445 734 res

355 783 608 857 quanta
666 775 836 838 circa
896 792 1014 837 nos
1074 780 1268 853 teque
1339 772 1623 834 maxime
1697 772 1803 847 sit,
1867 791 1997 852 quo
2057 772 2319 852 propior
2376 790 2445 833 es

354 872 602 953 Tuscis,
655 877 777 938 hoc
837 874 1043 953 magis
1086 874 1239 935 scis.
1347 872 1630 935 Multum
1690 871 1781 933 illi
1842 879 2033 948 terra,
2091 872 2443 952 plurimum

356 976 520 1039 mari
581 976 847 1057 pollent.

354 1076 562 1152 dabis,
623 1076 741 1138 has
797 1075 963 1137 duas
1012 1074 1180 1137 acies
1215 1072 1586 1153 spectaculo
1624 1072 1789 1148 sore,
1830 1079 1908 1135 ut
1948 1072 2149 1135 fessos
2196 1072 2445 1133 confec-

354 1183 608 1258 tosque,
637 1173 830 1237 simul
860 1174 1172 1237 victorem
1204 1193 1277 1236 ac
1307 1173 1579 1248 victum,
1612 1172 2092 1252 adgrediantur.
2184 1172 2437 1253 Itaque,

353 1275 410 1338 si
442 1296 560 1338 nos
592 1276 659 1337 di
692 1281 940 1351 amant,
975 1274 1284 1355 quoniam
1317 1294 1450 1336 non
1484 1272 1774 1336 contenti
1823 1272 2121 1335 libertate
2155 1279 2331 1335 certa
2376 1272 2443 1335 in

353 1376 626 1439 dubiam
658 1375 912 1456 imperii
942 1374 1317 1453 servitiique
1349 1372 1560 1435 aleam
1599 1372 1789 1448 imm,
1827 1372 2121 1435 ineamus
2158 1372 2442 1452 aliquam

354 1476 554 1552 viam,
609 1495 760 1555 qua,
797 1474 930 1537 utri
979 1473 1144 1536 utris
1201 1472 1543 1553 imperent,
1585 1472 1721 1533 sine
1776 1492 2013 1552 magna
2067 1471 2267 1548 clade,
2308 1472 2444 1533 sine

354 1575 564 1637 multo
603 1574 915 1654 sanguine
953 1574 1292 1654 utriusque
1327 1572 1553 1653 populi
1589 1572 1844 1634 decerni
1906 1572 2153 1651 possit!
2244 1571 2442 1634 Haud

354 1674 654 1755 displicet
713 1693 813 1736 res
872 1673 1080 1748 Tullo,
1124 1692 1527 1754 quamquam
1594 1691 1740 1733 cum
1803 1671 2017 1735 indole
2059 1671 2259 1735 animi
2298 1679 2443 1735 tum

352 1794 470 1855 spe
497 1774 807 1839 victoriae
847 1772 1118 1836 ferocior
1150 1780 1310 1836 erat.
1401 1772 1879 1849 Quaerentibus
1913 1772 2243 1853 utrimque
2276 1771 2443 1835 ratio

353 1875 576 1951 initur,
637 1873 740 1936 cui
796 1881 865 1938 et
921 1873 1186 1936 fortuna
1224 1872 1367 1951 ipsa
1405 1872 1708 1953 praebuit
1750 1872 2111 1935 materiam.

480 1974 732 2036 XXIV.
781 1974 977 2035 Forte
1012 1973 1080 2034 in
1116 1972 1372 2035 duobus
1406 1978 1552 2034 tum
1603 1971 1995 2034 exercitibus
2028 1978 2217 2035 erant
2252 1972 2444 2051 trige-

355 2073 516 2136 mini
555 2073 787 2137 fratres
841 2092 957 2135 nec
1013 2080 1230 2136 aetate
1283 2091 1400 2133 nec
1441 2071 1687 2149 viribus
1743 2071 2048 2151 dispares,
2134 2073 2443 2136 Horatios

353 2174 805 2255 Curiatiosque
827 2173 1022 2235 fuisse
1049 2172 1208 2236 satis
1236 2177 1515 2249 constat,
1541 2191 1656 2234 nec
1680 2171 1880 2235 ferme
1901 2192 2001 2235 res
2024 2172 2296 2254 antiqua
2319 2173 2443 2238 alia

266 2336 270 2340 .
351 2280 456 2338 est
483 2275 759 2338 nobilior
768 2295 784 2350 ;
814 2280 1038 2336 tamen
1065 2273 1133 2334 in
1161 2292 1228 2334 re
1257 2279 1396 2335 tam
1428 2273 1601 2334 clara
1629 2273 1967 2335 nominum
1996 2293 2169 2336 error
2198 2281 2439 2350 manet,

351 2373 566 2437 utrius
613 2373 838 2455 populi
888 2373 1166 2448 Horatii,
1203 2372 1414 2435 utrius
1454 2372 1725 2435 Curiatii
1773 2372 2032 2435 fuerint.
2127 2373 2443 2437 Auctores

352 2481 633 2554 utroque
691 2474 965 2537 trahunt
976 2493 991 2549 3
1049 2471 1264 2552 plures
1319 2478 1545 2546 tamen
1600 2472 1880 2548 invenio,
1941 2473 2053 2553 qui
2112 2473 2443 2536 Romanos

354 2574 666 2637 Horatios
713 2579 949 2636 vocent
960 2593 975 2649 ;
1023 2574 1142 2635 hos
1186 2579 1264 2634 ut
1309 2590 1563 2652 sequar,
1605 2571 1874 2635 inclinat
1916 2573 2188 2635 animus,
2279 2574 2441 2635 Cum

353 2673 713 2752 trigeminis
756 2679 959 2753 agunt
1002 2690 1199 2751 reges,
1243 2678 1321 2734 ut
1362 2691 1481 2752 pro
1524 2690 1643 2733 sua
1685 2671 1959 2753 quisque
2000 2673 2215 2752 patria
2257 2673 2443 2734 dimi-

353 2780 504 2836 cent
538 2773 734 2835 ferro:
770 2772 859 2835 ibi
894 2771 1237 2852 imperium
1273 2771 1429 2847 fore,
1457 2771 1632 2833 unde
1660 2771 1933 2834 victoria
1969 2771 2182 2836 fuerit.
2265 2773 2438 2835 Nihil

939 974 1186 1036 Memor
1243 980 1428 1049 esto,·
1465 972 1598 1035 iam
1668 992 1817 1034 cum
1874 972 2131 1051 signum
2188 992 2443 1051 pugnae
2526 966 2535 981 “

350 2924 534 2969 dictu:
569 2925 743 2977 supine
774 2923 896 2969 with
927 2934 1036 2969 vera
1067 2934 1124 2967 as
1155 2923 1262 2968 well
1295 2933 1350 2966 as

349 2993 473 3036 with
500 2993 726 3043 speciosa.
777 2999 784 3006 '

415 3062 465 3102 8.
497 3061 670 3103 recte:
720 3070 787 3103 sc.
837 3061 934 3113 flat.
1017 3059 1214 3102 tuerit:
1264 3058 1350 3102 the

348 3127 446 3170 less
473 3137 701 3169 common
732 3127 990 3178 hortatory
1019 3127 1071 3168 of
1099 3127 1186 3169 the
1215 3130 1349 3178 pastu

349 3194 428 3237 i.e.
466 3194 506 3237 it
545 3204 661 3245 may
698 3194 806 3236 well
842 3195 971 3236 have
1007 3193 1131 3236 been
1168 3204 1198 3235 a
1235 3193 1349 3236 sub-

348 3260 449 3311 iect
493 3261 570 3303 for
611 3260 880 3303 discussion
923 3260 1059 3303 then.
1136 3268 1250 3302 me:
1294 3271 1348 3302 as

351 3328 427 3370 far
470 3338 526 3370 as
571 3327 594 3370 I
640 3337 722 3370 am
767 3327 1057 3374 concerned:
1101 3331 1219 3369 note
1263 3327 1350 3370 the

348 3397 586 3438 conti-ast.
652 3394 895 3446 gerendo
927 3393 1094 3438 beno:
1140 3394 1226 3437 the
1269 3405 1350 3445 ge-

347 3461 558 3504 rundive
586 3461 691 3504 dat.
715 3461 758 3504 is
779 3471 1007 3504 common
1029 3462 1080 3504 in
1102 3461 1348 3512 designat-

347 3529 433 3579 ing
457 3528 542 3572 the
567 3528 794 3571 function
819 3529 870 3571 of
895 3538 958 3570 an
985 3529 1175 3572 official.
1234 3536 1348 3580 quo

353 3624 368 3637 .
408 3625 422 3637 .
462 3625 477 3638 .
513 3595 644 3639 hoc:
678 3594 801 3638 with
837 3605 1051 3646 compar.
1087 3595 1186 3638 like
1220 3596 1346 3647 Eng.

351 3661 475 3705 “the
500 3693 512 3706 .
541 3695 553 3705 .
582 3694 592 3705 .
621 3662 759 3706 the.”

408 3730 458 3770 ⁹.
491 3727 837 3780 spectaculo:
880 3727 982 3772 dat.
1024 3729 1077 3771 of
1118 3739 1344 3781 purpose.

347 3796 461 3844 utri
502 3825 517 3844 .
558 3826 571 3839 .
613 3826 627 3839 .
663 3796 970 3846 imperent:
1007 3797 1092 3843 the
1127 3797 1255 3843 issue
1291 3800 1344 3838 to

1447 2923 1509 2967 be
1537 2921 1756 2972 decided.

1511 2991 1590 3033 10.
1622 2999 1731 3034 m:
1792 2991 2187 3043 “proposition.”
2274 2993 2445 3044 Quae-

1445 3057 1725 3101 rentibus:
1748 3057 1852 3101 dat.
1877 3059 1929 3100 of
1950 3062 2112 3108 agent,
2140 3059 2301 3110 poetic
2322 3060 2443 3102 with

1445 3125 1619 3177 simple
1647 3126 1798 3167 forms
1826 3126 1877 3167 of
1905 3125 1991 3168 the
2019 3126 2225 3176 passive.

1510 3192 1699 3236 XXIV.
1736 3192 1783 3235 1.
1816 3191 1880 3235 in
1928 3220 1942 3235 .
1992 3221 2005 3235 .
2054 3221 2069 3234 .
2114 3192 2284 3236 clara:
2330 3204 2443 3236 con-

1445 3261 1643 3309 cessive,
1688 3261 1944 3312 repeating
1985 3259 2071 3302 the
2112 3260 2223 3302 idea
2266 3261 2318 3304 of
2360 3271 2444 3303 no-

1445 3327 1598 3370 bilior.
1746 3335 1919 3369 errorz
2036 3328 2065 3346 ‘⁸
2076 3328 2442 3378 uncertainty.”

1444 3395 1687 3445 utroque
1718 3394 1983 3437 trahunt:
2014 3394 2076 3437 cf.
2111 3396 2154 3438 7.
2191 3396 2231 3438 1.
2296 3395 2443 3438 Writ-

1445 3473 1521 3506 ers
1547 3461 1692 3504 claim
1717 3461 1854 3504 them
1880 3462 2005 3504 both
2029 3472 2179 3512 ways.
2232 3460 2441 3513 piures:

1445 3540 1511 3571 an
1538 3529 1808 3578 ingenuous
1836 3529 1966 3571 basis
1994 3528 2047 3570 of
2073 3528 2287 3571 decision
2316 3529 2439 3570 from

1444 3607 1476 3638 a
1500 3595 1703 3638 modern
1728 3595 1866 3646 point
1891 3596 1943 3638 or
1966 3596 2105 3639 view.

1507 3663 1558 3704 2.
1591 3662 1659 3705 ut
1705 3690 1718 3703 .
1763 3691 1776 3704 .
1823 3691 1836 3704 .
1877 3662 2174 3705 dimicent:
2213 3672 2243 3704 a
2283 3661 2438 3704 subst.

1444 3729 1607 3771 clause
1627 3729 1679 3770 ot
1698 3739 1923 3780 purpose.
1977 3729 2152 3772 unde:
2175 3740 2245 3776 we
2265 3727 2435 3775 should

1442 3807 1533 3852 say
1562 3796 1813 3844 “where.'’
