<?xml version="1.0" encoding="UTF-8"?>
<!DOCTYPE html PUBLIC "-//W3C//DTD XHTML 1.0 Transitional//EN"
    "http://www.w3.org/TR/xhtml1/DTD/xhtml1-transitional.dtd">
<html xmlns="http://www.w3.org/1999/xhtml" xml:lang="en" lang="en">
 <head>
  <title>
</title>
<meta http-equiv="Content-Type" content="text/html;charset=utf-8" />
  <meta name='ocr-system' content='tesseract 3.04.00' />
  <meta name='ocr-capabilities' content='ocr_page ocr_carea ocr_par ocr_line ocrx_word'/>
</head>
<body>
  <div class='ocr_page' id='page_1' title='image "./livyselectionsf01longgoog_0080.png"; bbox 0 0 2925 4375; ppageno 0'>
   <div class='ocr_carea' id='block_1_1' title="bbox 405 228 1571 288">
    <p class='ocr_par' dir='ltr' id='par_1_1' title="bbox 405 228 1571 288">
     <span class='ocr_line' id='line_1_1' title="bbox 405 228 1571 288; baseline -0.003 0"><span class='ocrx_word' id='word_1_1' title='bbox 405 234 474 288; x_wconf 87' lang='lat'>76</span> <span class='ocrx_word' id='word_1_2' title='bbox 1310 229 1372 285; x_wconf 90' lang='grc' dir='ltr'>Τ.</span> <span class='ocrx_word' id='word_1_3' title='bbox 1412 228 1571 285; x_wconf 86' lang='lat' dir='ltr'>LIVI</span> 
     </span>
    </p>
   </div>
   <div class='ocr_carea' id='block_1_2' title="bbox 2347 228 2490 297">
    <p class='ocr_par' dir='ltr' id='par_1_2' title="bbox 2347 228 2490 297">
     <span class='ocr_line' id='line_1_2' title="bbox 2347 228 2490 297; baseline -0.014 -11"><span class='ocrx_word' id='word_1_4' title='bbox 2347 228 2421 297; x_wconf 78' lang='lat' dir='ltr'>[X.</span> <span class='ocrx_word' id='word_1_5' title='bbox 2466 235 2490 284; x_wconf 93' lang='lat'>1</span> 
     </span>
    </p>
   </div>
   <div class='ocr_carea' id='block_1_3' title="bbox 530 410 2492 494">
    <p class='ocr_par' dir='ltr' id='par_1_3' title="bbox 530 410 2492 494">
     <span class='ocr_line' id='line_1_3' title="bbox 530 410 2492 494; baseline -0.002 -17"><span class='ocrx_word' id='word_1_6' title='bbox 530 414 614 477; x_wconf 91' lang='grc' dir='ltr'>Χ.</span> <span class='ocrx_word' id='word_1_7' title='bbox 664 414 826 476; x_wconf 90' lang='lat' dir='ltr'>Cum</span> <span class='ocrx_word' id='word_1_8' title='bbox 863 413 1083 475; x_wconf 89' lang='lat' dir='ltr'>hostes</span> <span class='ocrx_word' id='word_1_9' title='bbox 1119 410 1440 487; x_wconf 78' lang='lat' dir='ltr'><strong>adessent,</strong></span> <span class='ocrx_word' id='word_1_10' title='bbox 1479 430 1597 490; x_wconf 91' lang='lat' dir='ltr'>pro</span> <span class='ocrx_word' id='word_1_11' title='bbox 1632 430 1701 474; x_wconf 93' lang='lat' dir='ltr'>se</span> <span class='ocrx_word' id='word_1_12' title='bbox 1737 412 2011 494; x_wconf 91' lang='lat' dir='ltr'>quisque</span> <span class='ocrx_word' id='word_1_13' title='bbox 2046 412 2113 475; x_wconf 91' lang='lat' dir='ltr'>in</span> <span class='ocrx_word' id='word_1_14' title='bbox 2149 412 2376 476; x_wconf 90' lang='lat' dir='ltr'>urbem</span> <span class='ocrx_word' id='word_1_15' title='bbox 2411 432 2492 475; x_wconf 85' lang='lat' dir='ltr'>ex</span> 
     </span>
    </p>
   </div>
   <div class='ocr_carea' id='block_1_4' title="bbox 339 510 2253 593">
    <p class='ocr_par' dir='ltr' id='par_1_4' title="bbox 339 510 2253 593">
     <span class='ocr_line' id='line_1_4' title="bbox 339 510 2253 593; baseline 0.002 -24"><span class='ocrx_word' id='word_1_16' title='bbox 339 526 370 569; x_wconf 88' lang='lat'>2</span> <span class='ocrx_word' id='word_1_17' title='bbox 405 514 571 593; x_wconf 89' lang='lat' dir='ltr'>agris</span> <span class='ocrx_word' id='word_1_18' title='bbox 607 512 992 591; x_wconf 76' lang='lat' dir='ltr'>demigrant,</span> <span class='ocrx_word' id='word_1_19' title='bbox 1022 510 1250 572; x_wconf 91' lang='lat' dir='ltr'>urbem</span> <span class='ocrx_word' id='word_1_20' title='bbox 1295 510 1506 589; x_wconf 85' lang='lat' dir='ltr'>ipsam</span> <span class='ocrx_word' id='word_1_21' title='bbox 1550 511 1853 591; x_wconf 88' lang='lat' dir='ltr'>saepiunt</span> <span class='ocrx_word' id='word_1_22' title='bbox 1898 512 2253 593; x_wconf 85' lang='lat' dir='ltr'>praesidiis.</span> 
     </span>
    </p>
   </div>
   <div class='ocr_carea' id='block_1_5' title="bbox 2346 512 2492 575">
    <p class='ocr_par' dir='ltr' id='par_1_5' title="bbox 2346 512 2492 575">
     <span class='ocr_line' id='line_1_5' title="bbox 2346 512 2492 575; baseline 0.007 -1"><span class='ocrx_word' id='word_1_23' title='bbox 2346 512 2492 575; x_wconf 90' lang='lat' dir='ltr'>Alia</span> 
     </span>
    </p>
   </div>
   <div class='ocr_carea' id='block_1_6' title="bbox 405 609 2494 875">
    <p class='ocr_par' dir='ltr' id='par_1_6' title="bbox 405 609 2494 875">
     <span class='ocr_line' id='line_1_6' title="bbox 405 609 2494 691; baseline -0 -17"><span class='ocrx_word' id='word_1_24' title='bbox 405 614 625 689; x_wconf 80' lang='lat' dir='ltr'>muriS‚</span> <span class='ocrx_word' id='word_1_25' title='bbox 685 612 810 675; x_wconf 86' lang='lat' dir='ltr'>alia</span> <span class='ocrx_word' id='word_1_26' title='bbox 863 609 1078 673; x_wconf 87' lang='lat' dir='ltr'>Tiberi</span> <span class='ocrx_word' id='word_1_27' title='bbox 1107 610 1388 675; x_wconf 71' lang='lat' dir='ltr'>obiecto</span> <span class='ocrx_word' id='word_1_28' title='bbox 1445 610 1840 674; x_wconf 90' lang='lat' dir='ltr'>videbantur</span> <span class='ocrx_word' id='word_1_29' title='bbox 1895 618 2070 688; x_wconf 87' lang='lat' dir='ltr'>tuta;</span> <span class='ocrx_word' id='word_1_30' title='bbox 2127 633 2289 691; x_wconf 90' lang='lat' dir='ltr'>pons</span> <span class='ocrx_word' id='word_1_31' title='bbox 2344 612 2494 675; x_wconf 89' lang='lat' dir='ltr'>sub-</span> 
     </span>
     <span class='ocr_line' id='line_1_7' title="bbox 407 710 2491 790; baseline 0 -16"><span class='ocrx_word' id='word_1_32' title='bbox 407 713 588 776; x_wconf 88' lang='lat' dir='ltr'>licius</span> <span class='ocrx_word' id='word_1_33' title='bbox 649 713 772 774; x_wconf 92' lang='lat' dir='ltr'>iter</span> <span class='ocrx_word' id='word_1_34' title='bbox 831 729 1038 790; x_wconf 86' lang='lat' dir='ltr'>paene</span> <span class='ocrx_word' id='word_1_35' title='bbox 1099 710 1396 773; x_wconf 80' lang='lat' dir='ltr'>hostibus</span> <span class='ocrx_word' id='word_1_36' title='bbox 1458 710 1661 786; x_wconf 91' lang='lat' dir='ltr'>dedit,</span> <span class='ocrx_word' id='word_1_37' title='bbox 1726 711 1792 773; x_wconf 86' lang='lat' dir='ltr'>ni</span> <span class='ocrx_word' id='word_1_38' title='bbox 1853 732 2021 774; x_wconf 89' lang='lat' dir='ltr'>unus</span> <span class='ocrx_word' id='word_1_39' title='bbox 2084 711 2184 774; x_wconf 92' lang='lat' dir='ltr'>vir</span> <span class='ocrx_word' id='word_1_40' title='bbox 2245 712 2491 787; x_wconf 89' lang='lat' dir='ltr'>fuisset,</span> 
     </span>
     <span class='ocr_line' id='line_1_8' title="bbox 407 809 2493 875; baseline -0 -2"><span class='ocrx_word' id='word_1_41' title='bbox 407 812 720 875; x_wconf 80' lang='lat' dir='ltr'>Horatius</span> <span class='ocrx_word' id='word_1_42' title='bbox 766 809 1011 873; x_wconf 86' lang='lat' dir='ltr'>Cocles:</span> <span class='ocrx_word' id='word_1_43' title='bbox 1058 809 1124 871; x_wconf 93' lang='lat' dir='ltr'>id</span> <span class='ocrx_word' id='word_1_44' title='bbox 1172 809 1655 872; x_wconf 84' lang='lat' dir='ltr'>munimentum</span> <span class='ocrx_word' id='word_1_45' title='bbox 1702 810 1810 872; x_wconf 89' lang='lat' dir='ltr'>illo</span> <span class='ocrx_word' id='word_1_46' title='bbox 1857 810 1959 872; x_wconf 92' lang='lat' dir='ltr'>die</span> <span class='ocrx_word' id='word_1_47' title='bbox 2006 811 2273 874; x_wconf 89' lang='lat' dir='ltr'>fortuna</span> <span class='ocrx_word' id='word_1_48' title='bbox 2318 812 2493 873; x_wconf 91' lang='lat' dir='ltr'>urbis</span> 
     </span>
    </p>
   </div>
   <div class='ocr_carea' id='block_1_7' title="bbox 339 909 1028 985">
    <p class='ocr_par' dir='ltr' id='par_1_7' title="bbox 339 909 1028 985">
     <span class='ocr_line' id='line_1_9' title="bbox 339 909 1028 985; baseline 0.001 -17"><span class='ocrx_word' id='word_1_49' title='bbox 339 925 371 968; x_wconf 86' lang='lat'><strong>3</strong></span> <span class='ocrx_word' id='word_1_50' title='bbox 407 912 744 985; x_wconf 85' lang='lat' dir='ltr'>Romanae</span> <span class='ocrx_word' id='word_1_51' title='bbox 780 909 1028 973; x_wconf 89' lang='lat' dir='ltr'>habuit.</span> 
     </span>
    </p>
   </div>
   <div class='ocr_carea' id='block_1_8' title="bbox 1120 908 2489 992">
    <p class='ocr_par' dir='ltr' id='par_1_8' title="bbox 1120 908 2489 992">
     <span class='ocr_line' id='line_1_10' title="bbox 1120 908 2489 992; baseline 0.004 -23"><span class='ocrx_word' id='word_1_52' title='bbox 1120 909 1246 985; x_wconf 81' lang='lat' dir='ltr'>Qui</span> <span class='ocrx_word' id='word_1_53' title='bbox 1293 909 1546 988; x_wconf 91' lang='lat' dir='ltr'>positus</span> <span class='ocrx_word' id='word_1_54' title='bbox 1594 908 1762 972; x_wconf 85' lang='lat' dir='ltr'>forte</span> <span class='ocrx_word' id='word_1_55' title='bbox 1809 909 1875 971; x_wconf 92' lang='lat' dir='ltr'>in</span> <span class='ocrx_word' id='word_1_56' title='bbox 1920 911 2206 973; x_wconf 87' lang='lat' dir='ltr'>statione</span> <span class='ocrx_word' id='word_1_57' title='bbox 2253 912 2489 992; x_wconf 79' lang='lat' dir='ltr'>pontis,</span> 
     </span>
    </p>
   </div>
   <div class='ocr_carea' id='block_1_9' title="bbox 340 1009 2494 1589">
    <p class='ocr_par' dir='ltr' id='par_1_9' title="bbox 340 1009 2494 1589">
     <span class='ocr_line' id='line_1_11' title="bbox 406 1009 2493 1091; baseline -0 -18"><span class='ocrx_word' id='word_1_58' title='bbox 406 1031 554 1075; x_wconf 93' lang='lat' dir='ltr'>cum</span> <span class='ocrx_word' id='word_1_59' title='bbox 617 1018 883 1090; x_wconf 89' lang='lat' dir='ltr'>captum</span> <span class='ocrx_word' id='word_1_60' title='bbox 945 1009 1283 1087; x_wconf 91' lang='lat' dir='ltr'>repentino</span> <span class='ocrx_word' id='word_1_61' title='bbox 1344 1009 1597 1089; x_wconf 89' lang='lat' dir='ltr'>impetu</span> <span class='ocrx_word' id='word_1_62' title='bbox 1660 1009 2023 1072; x_wconf 79' lang='lat' dir='ltr'>Ianiculum</span> <span class='ocrx_word' id='word_1_63' title='bbox 2086 1019 2285 1091; x_wconf 91' lang='lat' dir='ltr'>atque</span> <span class='ocrx_word' id='word_1_64' title='bbox 2344 1011 2493 1073; x_wconf 91' lang='lat' dir='ltr'>inde</span> 
     </span>
     <span class='ocr_line' id='line_1_12' title="bbox 407 1108 2492 1192; baseline -0.001 -19"><span class='ocrx_word' id='word_1_65' title='bbox 407 1112 641 1175; x_wconf 90' lang='lat' dir='ltr'>citatos</span> <span class='ocrx_word' id='word_1_66' title='bbox 700 1111 1033 1173; x_wconf 87' lang='lat' dir='ltr'>decurrere</span> <span class='ocrx_word' id='word_1_67' title='bbox 1093 1109 1309 1171; x_wconf 90' lang='lat' dir='ltr'>hostes</span> <span class='ocrx_word' id='word_1_68' title='bbox 1368 1108 1657 1185; x_wconf 91' lang='lat' dir='ltr'>vidisset,</span> <span class='ocrx_word' id='word_1_69' title='bbox 1719 1108 2173 1192; x_wconf 87' lang='lat' dir='ltr'>trepidamque</span> <span class='ocrx_word' id='word_1_70' title='bbox 2231 1112 2492 1175; x_wconf 88' lang='lat' dir='ltr'>turbam</span> 
     </span>
     <span class='ocr_line' id='line_1_13' title="bbox 405 1207 2494 1290; baseline -0.001 -15"><span class='ocrx_word' id='word_1_71' title='bbox 405 1231 669 1275; x_wconf 88' lang='lat' dir='ltr'>suorum</span> <span class='ocrx_word' id='word_1_72' title='bbox 729 1230 911 1273; x_wconf 88' lang='lat' dir='ltr'>arma</span> <span class='ocrx_word' id='word_1_73' title='bbox 966 1208 1351 1288; x_wconf 86' lang='lat' dir='ltr'>ordinesque</span> <span class='ocrx_word' id='word_1_74' title='bbox 1410 1207 1787 1288; x_wconf 89' lang='lat' dir='ltr'>relinquere,</span> <span class='ocrx_word' id='word_1_75' title='bbox 1847 1211 2311 1290; x_wconf 87' lang='lat' dir='ltr'>reprehensans</span> <span class='ocrx_word' id='word_1_76' title='bbox 2367 1211 2494 1273; x_wconf 91' lang='lat' dir='ltr'>sin-</span> 
     </span>
     <span class='ocr_line' id='line_1_14' title="bbox 340 1307 2489 1391; baseline 0.001 -22"><span class='ocrx_word' id='word_1_77' title='bbox 340 1326 372 1369; x_wconf 81' lang='lat'>4</span> <span class='ocrx_word' id='word_1_78' title='bbox 405 1310 607 1391; x_wconf 85' lang='lat' dir='ltr'>gulos,</span> <span class='ocrx_word' id='word_1_79' title='bbox 652 1311 974 1373; x_wconf 90' lang='lat' dir='ltr'>obsistens</span> <span class='ocrx_word' id='word_1_80' title='bbox 1017 1308 1487 1387; x_wconf 90' lang='lat' dir='ltr'>obtestansque</span> <span class='ocrx_word' id='word_1_81' title='bbox 1532 1307 1727 1370; x_wconf 91' lang='lat' dir='ltr'>deum</span> <span class='ocrx_word' id='word_1_82' title='bbox 1770 1316 1846 1373; x_wconf 85' lang='lat' dir='ltr'>et</span> <span class='ocrx_word' id='word_1_83' title='bbox 1892 1309 2229 1373; x_wconf 90' lang='lat' dir='ltr'>hominum</span> <span class='ocrx_word' id='word_1_84' title='bbox 2276 1310 2489 1386; x_wconf 76' lang='lat' dir='ltr'>fidem,</span> 
     </span>
     <span class='ocr_line' id='line_1_15' title="bbox 407 1408 2494 1489; baseline -0.001 -16"><span class='ocrx_word' id='word_1_85' title='bbox 407 1410 777 1474; x_wconf 88' lang='lat' dir='ltr'>testabatur</span> <span class='ocrx_word' id='word_1_86' title='bbox 832 1409 1230 1488; x_wconf 89' lang='lat' dir='ltr'>nequiquam</span> <span class='ocrx_word' id='word_1_87' title='bbox 1287 1408 1543 1471; x_wconf 90' lang='lat' dir='ltr'>deserto</span> <span class='ocrx_word' id='word_1_88' title='bbox 1600 1408 1921 1489; x_wconf 87' lang='lat' dir='ltr'>praesidio</span> <span class='ocrx_word' id='word_1_89' title='bbox 1976 1430 2086 1473; x_wconf 90' lang='lat' dir='ltr'>eos</span> <span class='ocrx_word' id='word_1_90' title='bbox 2141 1410 2360 1489; x_wconf 85' lang='lat' dir='ltr'>fugere</span> <span class='ocrx_word' id='word_1_91' title='bbox 2370 1432 2385 1487; x_wconf 83' lang='lat'><em>3</em></span> <span class='ocrx_word' id='word_1_92' title='bbox 2442 1411 2494 1473; x_wconf 92' lang='lat' dir='ltr'>si</span> 
     </span>
     <span class='ocr_line' id='line_1_16' title="bbox 406 1507 2494 1589; baseline -0.001 -16"><span class='ocrx_word' id='word_1_93' title='bbox 406 1512 756 1574; x_wconf 86' lang='lat' dir='ltr'>transitum</span> <span class='ocrx_word' id='word_1_94' title='bbox 794 1516 1062 1589; x_wconf 89' lang='lat' dir='ltr'>pontem</span> <span class='ocrx_word' id='word_1_95' title='bbox 1101 1530 1139 1571; x_wconf 89' lang='lat' dir='ltr'>a</span> <span class='ocrx_word' id='word_1_96' title='bbox 1174 1515 1354 1587; x_wconf 89' lang='lat' dir='ltr'>tergo</span> <span class='ocrx_word' id='word_1_97' title='bbox 1390 1507 1821 1587; x_wconf 89' lang='lat' dir='ltr'>reliquissent,</span> <span class='ocrx_word' id='word_1_98' title='bbox 1859 1510 1990 1571; x_wconf 90' lang='lat' dir='ltr'>iam</span> <span class='ocrx_word' id='word_1_99' title='bbox 2027 1508 2172 1588; x_wconf 88' lang='lat' dir='ltr'>plus</span> <span class='ocrx_word' id='word_1_100' title='bbox 2209 1510 2494 1572; x_wconf 91' lang='lat' dir='ltr'>hostium</span> 
     </span>
    </p>
   </div>
   <div class='ocr_carea' id='block_1_10' title="bbox 406 1607 2166 1688">
    <p class='ocr_par' dir='ltr' id='par_1_10' title="bbox 406 1607 2166 1688">
     <span class='ocr_line' id='line_1_17' title="bbox 406 1607 2166 1688; baseline 0 -17"><span class='ocrx_word' id='word_1_101' title='bbox 406 1610 473 1672; x_wconf 93' lang='lat' dir='ltr'>in</span> <span class='ocrx_word' id='word_1_102' title='bbox 523 1609 774 1672; x_wconf 86' lang='lat' dir='ltr'>Palatio</span> <span class='ocrx_word' id='word_1_103' title='bbox 824 1607 1272 1688; x_wconf 90' lang='lat' dir='ltr'>Capitolioque</span> <span class='ocrx_word' id='word_1_104' title='bbox 1321 1628 1521 1687; x_wconf 91' lang='lat' dir='ltr'>quam</span> <span class='ocrx_word' id='word_1_105' title='bbox 1570 1607 1636 1669; x_wconf 91' lang='lat' dir='ltr'>in</span> <span class='ocrx_word' id='word_1_106' title='bbox 1688 1608 1977 1671; x_wconf 90' lang='lat' dir='ltr'>Ianiculo</span> <span class='ocrx_word' id='word_1_107' title='bbox 2014 1610 2166 1671; x_wconf 89' lang='lat' dir='ltr'>fore.</span> 
     </span>
    </p>
   </div>
   <div class='ocr_carea' id='block_1_11' title="bbox 2262 1598 2495 1689">
    <p class='ocr_par' dir='ltr' id='par_1_11' title="bbox 2262 1598 2495 1689">
     <span class='ocr_line' id='line_1_18' title="bbox 2262 1598 2495 1689; baseline 0.004 -19"><span class='ocrx_word' id='word_1_108' title='bbox 2262 1598 2495 1689; x_wconf 88' lang='lat' dir='ltr'>Itaque</span> 
     </span>
    </p>
   </div>
   <div class='ocr_carea' id='block_1_12' title="bbox 403 1707 2498 2288">
    <p class='ocr_par' dir='ltr' id='par_1_12' title="bbox 403 1707 2498 1989">
     <span class='ocr_line' id='line_1_19' title="bbox 405 1707 2496 1789; baseline -0 -18"><span class='ocrx_word' id='word_1_109' title='bbox 405 1728 684 1784; x_wconf 93' lang='lat' dir='ltr'>monere,</span> <span class='ocrx_word' id='word_1_110' title='bbox 741 1707 1126 1788; x_wconf 84' lang='lat' dir='ltr'>praedicere,</span> <span class='ocrx_word' id='word_1_111' title='bbox 1182 1712 1258 1769; x_wconf 93' lang='lat' dir='ltr'>ut</span> <span class='ocrx_word' id='word_1_112' title='bbox 1309 1714 1581 1787; x_wconf 90' lang='lat' dir='ltr'>pontem</span> <span class='ocrx_word' id='word_1_113' title='bbox 1635 1707 1821 1784; x_wconf 85' lang='lat' dir='ltr'>ferro,</span> <span class='ocrx_word' id='word_1_114' title='bbox 1877 1708 2029 1787; x_wconf 86' lang='lat' dir='ltr'>igni,</span> <span class='ocrx_word' id='word_1_115' title='bbox 2085 1728 2496 1789; x_wconf 91' lang='lat' dir='ltr'>quacumque</span> 
     </span>
     <span class='ocr_line' id='line_1_20' title="bbox 406 1807 2498 1889; baseline 0 -18"><span class='ocrx_word' id='word_1_116' title='bbox 406 1807 472 1871; x_wconf 91' lang='lat' dir='ltr'>vi</span> <span class='ocrx_word' id='word_1_117' title='bbox 527 1808 799 1889; x_wconf 89' lang='lat' dir='ltr'>possint,</span> <span class='ocrx_word' id='word_1_118' title='bbox 857 1807 1367 1886; x_wconf 76' lang='lat' dir='ltr'>interrumpent;</span> <span class='ocrx_word' id='word_1_119' title='bbox 1423 1827 1491 1869; x_wconf 90' lang='lat' dir='ltr'>se</span> <span class='ocrx_word' id='word_1_120' title='bbox 1546 1808 1867 1887; x_wconf 90' lang='lat' dir='ltr'>impetum</span> <span class='ocrx_word' id='word_1_121' title='bbox 1926 1808 2233 1884; x_wconf 90' lang='lat' dir='ltr'>hostium,</span> <span class='ocrx_word' id='word_1_122' title='bbox 2293 1829 2498 1889; x_wconf 87' lang='lat' dir='ltr'>quan-</span> 
     </span>
     <span class='ocr_line' id='line_1_21' title="bbox 403 1907 2045 1989; baseline -0.002 -17"><span class='ocrx_word' id='word_1_123' title='bbox 403 1917 550 1974; x_wconf 91' lang='lat' dir='ltr'>tum</span> <span class='ocrx_word' id='word_1_124' title='bbox 588 1926 852 1989; x_wconf 91' lang='lat' dir='ltr'>corpore</span> <span class='ocrx_word' id='word_1_125' title='bbox 889 1927 1019 1970; x_wconf 94' lang='lat' dir='ltr'>uno</span> <span class='ocrx_word' id='word_1_126' title='bbox 1055 1913 1274 1987; x_wconf 89' lang='lat' dir='ltr'>posset</span> <span class='ocrx_word' id='word_1_127' title='bbox 1311 1907 1559 1982; x_wconf 90' lang='lat' dir='ltr'>obsisti,</span> <span class='ocrx_word' id='word_1_128' title='bbox 1598 1915 2045 1987; x_wconf 85' lang='lat' dir='ltr'>excepturum.</span> 
     </span>
    </p>

    <p class='ocr_par' dir='ltr' id='par_1_13' title="bbox 403 2006 2497 2288">
     <span class='ocr_line' id='line_1_22' title="bbox 529 2006 2497 2087; baseline -0.001 -16"><span class='ocrx_word' id='word_1_129' title='bbox 529 2008 729 2071; x_wconf 89' lang='lat' dir='ltr'>Vadit</span> <span class='ocrx_word' id='word_1_130' title='bbox 790 2007 942 2069; x_wconf 92' lang='lat' dir='ltr'>inde</span> <span class='ocrx_word' id='word_1_131' title='bbox 1002 2006 1071 2068; x_wconf 94' lang='lat' dir='ltr'>in</span> <span class='ocrx_word' id='word_1_132' title='bbox 1133 2006 1416 2086; x_wconf 91' lang='lat' dir='ltr'>primum</span> <span class='ocrx_word' id='word_1_133' title='bbox 1482 2006 1735 2069; x_wconf 89' lang='lat' dir='ltr'>aditum</span> <span class='ocrx_word' id='word_1_134' title='bbox 1798 2008 2038 2087; x_wconf 90' lang='lat' dir='ltr'>pontis,</span> <span class='ocrx_word' id='word_1_135' title='bbox 2102 2007 2497 2087; x_wconf 89' lang='lat' dir='ltr'>insignisque</span> 
     </span>
     <span class='ocr_line' id='line_1_23' title="bbox 403 2105 2496 2190; baseline -0.001 -19"><span class='ocrx_word' id='word_1_136' title='bbox 403 2110 573 2173; x_wconf 90' lang='lat' dir='ltr'>inter</span> <span class='ocrx_word' id='word_1_137' title='bbox 623 2113 973 2190; x_wconf 88' lang='lat' dir='ltr'>conspecta</span> <span class='ocrx_word' id='word_1_138' title='bbox 1022 2105 1392 2169; x_wconf 89' lang='lat' dir='ltr'>cedentium</span> <span class='ocrx_word' id='word_1_139' title='bbox 1443 2126 1700 2186; x_wconf 86' lang='lat' dir='ltr'>pugnae</span> <span class='ocrx_word' id='word_1_140' title='bbox 1752 2114 1935 2188; x_wconf 86' lang='lat' dir='ltr'>terga</span> <span class='ocrx_word' id='word_1_141' title='bbox 1982 2107 2273 2171; x_wconf 89' lang='lat' dir='ltr'>obversis</span> <span class='ocrx_word' id='word_1_142' title='bbox 2323 2127 2496 2169; x_wconf 91' lang='lat' dir='ltr'>com-</span> 
     </span>
     <span class='ocr_line' id='line_1_24' title="bbox 405 2207 2497 2288; baseline -0 -17"><span class='ocrx_word' id='word_1_143' title='bbox 405 2210 618 2273; x_wconf 89' lang='lat' dir='ltr'>minus</span> <span class='ocrx_word' id='word_1_144' title='bbox 697 2209 782 2272; x_wconf 90' lang='lat' dir='ltr'>ad</span> <span class='ocrx_word' id='word_1_145' title='bbox 860 2208 1218 2271; x_wconf 90' lang='lat' dir='ltr'>ineundum</span> <span class='ocrx_word' id='word_1_146' title='bbox 1299 2207 1614 2286; x_wconf 91' lang='lat' dir='ltr'>proelium</span> <span class='ocrx_word' id='word_1_147' title='bbox 1695 2208 1889 2271; x_wconf 89' lang='lat' dir='ltr'>armis</span> <span class='ocrx_word' id='word_1_148' title='bbox 1966 2208 2108 2288; x_wconf 92' lang='lat' dir='ltr'>ipso</span> <span class='ocrx_word' id='word_1_149' title='bbox 2187 2208 2497 2270; x_wconf 87' lang='lat' dir='ltr'>miraculo</span> 
     </span>
    </p>
   </div>
   <div class='ocr_carea' id='block_1_13' title="bbox 337 2307 1554 2388">
    <p class='ocr_par' dir='ltr' id='par_1_14' title="bbox 337 2307 1554 2388">
     <span class='ocr_line' id='line_1_25' title="bbox 337 2307 1554 2388; baseline -0.003 -16"><span class='ocrx_word' id='word_1_150' title='bbox 337 2329 369 2372; x_wconf 80' lang='lat' dir='ltr'>c</span> <span class='ocrx_word' id='word_1_151' title='bbox 405 2309 712 2373; x_wconf 86' lang='lat' dir='ltr'>audaciae</span> <span class='ocrx_word' id='word_1_152' title='bbox 794 2307 1233 2388; x_wconf 84' lang='lat' dir='ltr'>obstupefecit</span> <span class='ocrx_word' id='word_1_153' title='bbox 1315 2308 1554 2370; x_wconf 92' lang='lat' dir='ltr'>hostes.</span> 
     </span>
    </p>
   </div>
   <div class='ocr_carea' id='block_1_14' title="bbox 1646 2303 2499 2371">
    <p class='ocr_par' dir='ltr' id='par_1_15' title="bbox 1646 2303 2499 2371">
     <span class='ocr_line' id='line_1_26' title="bbox 1646 2303 2499 2371; baseline 0.001 -2"><span class='ocrx_word' id='word_1_154' title='bbox 1646 2309 1827 2370; x_wconf 91' lang='lat' dir='ltr'>Duos</span> <span class='ocrx_word' id='word_1_155' title='bbox 1909 2303 2133 2371; x_wconf 82' lang='lat' dir='ltr'>tamen</span> <span class='ocrx_word' id='word_1_156' title='bbox 2214 2327 2362 2369; x_wconf 94' lang='lat' dir='ltr'>cum</span> <span class='ocrx_word' id='word_1_157' title='bbox 2420 2327 2499 2370; x_wconf 92' lang='lat' dir='ltr'>eo</span> 
     </span>
    </p>
   </div>
   <div class='ocr_carea' id='block_1_15' title="bbox 400 2406 2500 2490">
    <p class='ocr_par' dir='ltr' id='par_1_16' title="bbox 400 2406 2500 2490">
     <span class='ocr_line' id='line_1_27' title="bbox 400 2406 2500 2490; baseline 0 -18"><span class='ocrx_word' id='word_1_158' title='bbox 400 2410 613 2490; x_wconf 89' lang='lat' dir='ltr'>pudor</span> <span class='ocrx_word' id='word_1_159' title='bbox 671 2409 906 2486; x_wconf 91' lang='lat' dir='ltr'>tenuit,</span> <span class='ocrx_word' id='word_1_160' title='bbox 969 2410 1078 2488; x_wconf 83' lang='lat' dir='ltr'>Sp.</span> <span class='ocrx_word' id='word_1_161' title='bbox 1144 2406 1443 2470; x_wconf 90' lang='lat' dir='ltr'>Larcium</span> <span class='ocrx_word' id='word_1_162' title='bbox 1506 2427 1579 2470; x_wconf 92' lang='lat' dir='ltr'>ac</span> <span class='ocrx_word' id='word_1_163' title='bbox 1639 2409 1711 2469; x_wconf 88' lang='lat' dir='ltr'>T.</span> <span class='ocrx_word' id='word_1_164' title='bbox 1778 2408 2208 2484; x_wconf 89' lang='lat' dir='ltr'>Herminium,</span> <span class='ocrx_word' id='word_1_165' title='bbox 2272 2407 2500 2472; x_wconf 86' lang='lat' dir='ltr'>ambos</span> 
     </span>
    </p>
   </div>
   <div class='ocr_carea' id='block_1_16' title="bbox 339 2509 1272 2588">
    <p class='ocr_par' dir='ltr' id='par_1_17' title="bbox 339 2509 1272 2588">
     <span class='ocr_line' id='line_1_28' title="bbox 339 2509 1272 2588; baseline -0.008 -14"><span class='ocrx_word' id='word_1_166' title='bbox 339 2530 368 2574; x_wconf 83' lang='grc'><strong>7</strong></span> <span class='ocrx_word' id='word_1_167' title='bbox 403 2509 606 2572; x_wconf 89' lang='lat' dir='ltr'>claros</span> <span class='ocrx_word' id='word_1_168' title='bbox 656 2529 884 2588; x_wconf 87' lang='lat' dir='ltr'>genere</span> <span class='ocrx_word' id='word_1_169' title='bbox 933 2509 1272 2588; x_wconf 85' lang='lat' dir='ltr'>factisque.</span> 
     </span>
    </p>
   </div>
   <div class='ocr_carea' id='block_1_17' title="bbox 1363 2508 2503 2588">
    <p class='ocr_par' dir='ltr' id='par_1_18' title="bbox 1363 2508 2503 2588">
     <span class='ocr_line' id='line_1_29' title="bbox 1363 2508 2503 2588; baseline 0 -18"><span class='ocrx_word' id='word_1_170' title='bbox 1363 2509 1528 2570; x_wconf 88' lang='lat' dir='ltr'>Cum</span> <span class='ocrx_word' id='word_1_171' title='bbox 1578 2508 1677 2570; x_wconf 92' lang='lat' dir='ltr'>his</span> <span class='ocrx_word' id='word_1_172' title='bbox 1726 2508 2004 2588; x_wconf 91' lang='lat' dir='ltr'>primam</span> <span class='ocrx_word' id='word_1_173' title='bbox 2052 2508 2319 2588; x_wconf 89' lang='lat' dir='ltr'>periculi</span> <span class='ocrx_word' id='word_1_174' title='bbox 2352 2526 2503 2588; x_wconf 91' lang='lat' dir='ltr'>pro-</span> 
     </span>
    </p>
   </div>
   <div class='ocr_carea' id='block_1_18' title="bbox 400 2608 2503 2887">
    <p class='ocr_par' dir='ltr' id='par_1_19' title="bbox 400 2608 2503 2887">
     <span class='ocr_line' id='line_1_30' title="bbox 403 2608 2503 2689; baseline 0 -19"><span class='ocrx_word' id='word_1_175' title='bbox 403 2609 629 2672; x_wconf 90' lang='lat' dir='ltr'>cellam</span> <span class='ocrx_word' id='word_1_176' title='bbox 663 2616 732 2672; x_wconf 92' lang='lat' dir='ltr'>et</span> <span class='ocrx_word' id='word_1_177' title='bbox 769 2608 944 2689; x_wconf 93' lang='lat' dir='ltr'>quod</span> <span class='ocrx_word' id='word_1_178' title='bbox 982 2608 1646 2671; x_wconf 91' lang='lat' dir='ltr'>tumultuosissimum</span> <span class='ocrx_word' id='word_1_179' title='bbox 1681 2627 1938 2688; x_wconf 78' lang='lat' dir='ltr'>pugnae</span> <span class='ocrx_word' id='word_1_180' title='bbox 1973 2615 2114 2671; x_wconf 92' lang='lat' dir='ltr'>erat</span> <span class='ocrx_word' id='word_1_181' title='bbox 2149 2626 2503 2688; x_wconf 84' lang='lat' dir='ltr'>parumper</span> 
     </span>
     <span class='ocr_line' id='line_1_31' title="bbox 401 2701 2501 2793; baseline -0 -21"><span class='ocrx_word' id='word_1_182' title='bbox 401 2709 714 2772; x_wconf 89' lang='lat' dir='ltr'>sustinuit</span> <span class='ocrx_word' id='word_1_183' title='bbox 724 2729 740 2786; x_wconf 87' lang='lat'>;</span> <span class='ocrx_word' id='word_1_184' title='bbox 787 2708 1020 2770; x_wconf 91' lang='lat' dir='ltr'>deinde</span> <span class='ocrx_word' id='word_1_185' title='bbox 1065 2728 1174 2770; x_wconf 89' lang='lat' dir='ltr'>eos</span> <span class='ocrx_word' id='word_1_186' title='bbox 1221 2701 1482 2788; x_wconf 91' lang='lat' dir='ltr'>quoque</span> <span class='ocrx_word' id='word_1_187' title='bbox 1526 2709 1720 2786; x_wconf 90' lang='lat' dir='ltr'>ipsos,</span> <span class='ocrx_word' id='word_1_188' title='bbox 1769 2709 2005 2787; x_wconf 86' lang='lat' dir='ltr'>exigua</span> <span class='ocrx_word' id='word_1_189' title='bbox 2047 2715 2235 2793; x_wconf 84' lang='lat' dir='ltr'>parte</span> <span class='ocrx_word' id='word_1_190' title='bbox 2279 2708 2501 2788; x_wconf 89' lang='lat' dir='ltr'>pontis</span> 
     </span>
     <span class='ocr_line' id='line_1_32' title="bbox 400 2807 2501 2887; baseline -0.001 -17"><span class='ocrx_word' id='word_1_191' title='bbox 400 2809 645 2885; x_wconf 90' lang='lat' dir='ltr'>relicta,</span> <span class='ocrx_word' id='word_1_192' title='bbox 696 2807 1156 2871; x_wconf 87' lang='lat' dir='ltr'>revocantibus</span> <span class='ocrx_word' id='word_1_193' title='bbox 1205 2809 1316 2887; x_wconf 90' lang='lat' dir='ltr'>qui</span> <span class='ocrx_word' id='word_1_194' title='bbox 1363 2807 1839 2884; x_wconf 87' lang='lat' dir='ltr'>rescindebant,</span> <span class='ocrx_word' id='word_1_195' title='bbox 1891 2808 2113 2870; x_wconf 92' lang='lat' dir='ltr'>cedere</span> <span class='ocrx_word' id='word_1_196' title='bbox 2162 2809 2230 2871; x_wconf 91' lang='lat' dir='ltr'>in</span> <span class='ocrx_word' id='word_1_197' title='bbox 2276 2815 2501 2871; x_wconf 91' lang='lat' dir='ltr'>tutum</span> 
     </span>
    </p>
   </div>
   <div class='ocr_carea' id='block_1_19' title="bbox 401 3092 1405 3875">
    <p class='ocr_par' dir='ltr' id='par_1_20' title="bbox 401 3092 1405 3875">
     <span class='ocr_line' id='line_1_33' title="bbox 464 3092 1401 3146; baseline -0.001 -9"><span class='ocrx_word' id='word_1_198' title='bbox 464 3093 530 3138; x_wconf 87' lang='lat' dir='ltr'>X.</span> <span class='ocrx_word' id='word_1_199' title='bbox 565 3095 614 3137; x_wconf 80' lang='lat'>2.</span> <span class='ocrx_word' id='word_1_200' title='bbox 649 3092 829 3139; x_wconf 76' lang='lat' dir='ltr'>&#39;tiberi</span> <span class='ocrx_word' id='word_1_201' title='bbox 865 3093 1105 3137; x_wconf 77' lang='lat' dir='ltr'>obiecto:</span> <span class='ocrx_word' id='word_1_202' title='bbox 1156 3094 1266 3146; x_wconf 83' lang='lat' dir='ltr'>“by</span> <span class='ocrx_word' id='word_1_203' title='bbox 1316 3094 1401 3137; x_wconf 85' lang='lat' dir='ltr'>the</span> 
     </span>
     <span class='ocr_line' id='line_1_34' title="bbox 401 3162 1400 3206; baseline 0 0"><span class='ocrx_word' id='word_1_204' title='bbox 401 3163 584 3206; x_wconf 86' lang='lat' dir='ltr'>barrier</span> <span class='ocrx_word' id='word_1_205' title='bbox 629 3163 789 3206; x_wconf 86' lang='lat' dir='ltr'>which</span> <span class='ocrx_word' id='word_1_206' title='bbox 834 3163 920 3206; x_wconf 89' lang='lat' dir='ltr'>the</span> <span class='ocrx_word' id='word_1_207' title='bbox 967 3163 1114 3206; x_wconf 88' lang='lat' dir='ltr'>Tiber</span> <span class='ocrx_word' id='word_1_208' title='bbox 1160 3162 1400 3206; x_wconf 79' lang='lat' dir='ltr'>formed.”</span> 
     </span>
     <span class='ocr_line' id='line_1_35' title="bbox 403 3229 1402 3282; baseline -0.002 -8"><span class='ocrx_word' id='word_1_209' title='bbox 403 3239 543 3282; x_wconf 71' lang='lat' dir='ltr'>pons</span> <span class='ocrx_word' id='word_1_210' title='bbox 565 3230 859 3274; x_wconf 70' lang='lat' dir='ltr'>sublicius:</span> <span class='ocrx_word' id='word_1_211' title='bbox 883 3231 982 3272; x_wconf 86' lang='lat' dir='ltr'>this</span> <span class='ocrx_word' id='word_1_212' title='bbox 1005 3230 1208 3272; x_wconf 87' lang='lat' dir='ltr'>wooden</span> <span class='ocrx_word' id='word_1_213' title='bbox 1233 3229 1402 3280; x_wconf 86' lang='lat' dir='ltr'>bridge</span> 
     </span>
     <span class='ocr_line' id='line_1_36' title="bbox 404 3297 1400 3348; baseline -0.002 -8"><span class='ocrx_word' id='word_1_214' title='bbox 404 3309 468 3340; x_wconf 91' lang='lat' dir='ltr'>on</span> <span class='ocrx_word' id='word_1_215' title='bbox 498 3297 619 3348; x_wconf 86' lang='lat' dir='ltr'>piles</span> <span class='ocrx_word' id='word_1_216' title='bbox 653 3298 914 3347; x_wconf 80' lang='lat' dir='ltr'>(sublicae).</span> <span class='ocrx_word' id='word_1_217' title='bbox 947 3297 1033 3340; x_wconf 86' lang='lat' dir='ltr'>the</span> <span class='ocrx_word' id='word_1_218' title='bbox 1062 3298 1165 3339; x_wconf 89' lang='lat' dir='ltr'>first</span> <span class='ocrx_word' id='word_1_219' title='bbox 1197 3300 1250 3338; x_wconf 88' lang='lat' dir='ltr'>to</span> <span class='ocrx_word' id='word_1_220' title='bbox 1279 3307 1400 3347; x_wconf 80' lang='lat' dir='ltr'>span</span> 
     </span>
     <span class='ocr_line' id='line_1_37' title="bbox 407 3363 1401 3413; baseline -0.001 -7"><span class='ocrx_word' id='word_1_221' title='bbox 407 3364 491 3407; x_wconf 87' lang='lat' dir='ltr'>the</span> <span class='ocrx_word' id='word_1_222' title='bbox 521 3365 665 3406; x_wconf 90' lang='lat' dir='ltr'>Tiber</span> <span class='ocrx_word' id='word_1_223' title='bbox 694 3368 746 3406; x_wconf 84' lang='lat' dir='ltr'>at</span> <span class='ocrx_word' id='word_1_224' title='bbox 780 3364 950 3413; x_wconf 87' lang='lat' dir='ltr'>Rome,</span> <span class='ocrx_word' id='word_1_225' title='bbox 983 3363 1251 3406; x_wconf 85' lang='lat' dir='ltr'>connected</span> <span class='ocrx_word' id='word_1_226' title='bbox 1282 3364 1401 3406; x_wconf 89' lang='lat' dir='ltr'>with</span> 
     </span>
     <span class='ocr_line' id='line_1_38' title="bbox 408 3431 1402 3474; baseline -0.002 0"><span class='ocrx_word' id='word_1_227' title='bbox 408 3432 491 3474; x_wconf 88' lang='lat' dir='ltr'>the</span> <span class='ocrx_word' id='word_1_228' title='bbox 516 3431 795 3473; x_wconf 81' lang='lat' dir='ltr'>Janiculum</span> <span class='ocrx_word' id='word_1_229' title='bbox 822 3431 918 3473; x_wconf 85' lang='lat' dir='ltr'>and</span> <span class='ocrx_word' id='word_1_230' title='bbox 947 3431 1033 3473; x_wconf 87' lang='lat' dir='ltr'>the</span> <span class='ocrx_word' id='word_1_231' title='bbox 1057 3431 1201 3472; x_wconf 87' lang='lat' dir='ltr'>roads</span> <span class='ocrx_word' id='word_1_232' title='bbox 1227 3431 1402 3473; x_wconf 88' lang='lat' dir='ltr'>thence</span> 
     </span>
     <span class='ocr_line' id='line_1_39' title="bbox 409 3497 1400 3542; baseline 0.001 -3"><span class='ocrx_word' id='word_1_233' title='bbox 409 3503 458 3540; x_wconf 86' lang='lat' dir='ltr'>to</span> <span class='ocrx_word' id='word_1_234' title='bbox 486 3499 699 3541; x_wconf 85' lang='lat' dir='ltr'>Etruria.</span> <span class='ocrx_word' id='word_1_235' title='bbox 758 3498 819 3541; x_wconf 86' lang='lat' dir='ltr'>ni</span> <span class='ocrx_word' id='word_1_236' title='bbox 852 3528 864 3540; x_wconf 92' lang='lat'>.</span> <span class='ocrx_word' id='word_1_237' title='bbox 897 3528 909 3541; x_wconf 90' lang='lat'>.</span> <span class='ocrx_word' id='word_1_238' title='bbox 942 3529 955 3541; x_wconf 88' lang='lat'>.</span> <span class='ocrx_word' id='word_1_239' title='bbox 981 3497 1205 3542; x_wconf 71' lang='lat' dir='ltr'>fuisset:</span> <span class='ocrx_word' id='word_1_240' title='bbox 1233 3509 1311 3540; x_wconf 89' lang='lat' dir='ltr'>see</span> <span class='ocrx_word' id='word_1_241' title='bbox 1338 3509 1400 3540; x_wconf 89' lang='lat' dir='ltr'>on</span> 
     </span>
     <span class='ocr_line' id='line_1_40' title="bbox 410 3565 1403 3616; baseline -0.001 -9"><span class='ocrx_word' id='word_1_242' title='bbox 410 3568 449 3608; x_wconf 91' lang='lat' dir='ltr'>i.</span> <span class='ocrx_word' id='word_1_243' title='bbox 484 3568 560 3609; x_wconf 87' lang='lat'>48.</span> <span class='ocrx_word' id='word_1_244' title='bbox 595 3567 639 3608; x_wconf 88' lang='lat'>9.</span> <span class='ocrx_word' id='word_1_245' title='bbox 698 3565 902 3610; x_wconf 75' lang='lat' dir='ltr'>coeles:</span> <span class='ocrx_word' id='word_1_246' title='bbox 935 3567 1018 3616; x_wconf 77' lang='lat' dir='ltr'>qui</span> <span class='ocrx_word' id='word_1_247' title='bbox 1050 3567 1191 3608; x_wconf 73' lang='lat' dir='ltr'>altero</span> <span class='ocrx_word' id='word_1_248' title='bbox 1223 3566 1403 3608; x_wconf 80' lang='lat' dir='ltr'>lumine</span> 
     </span>
     <span class='ocr_line' id='line_1_41' title="bbox 405 3631 1399 3681; baseline -0.001 -8"><span class='ocrx_word' id='word_1_249' title='bbox 405 3631 504 3673; x_wconf 77' lang='lat' dir='ltr'>orbi</span> <span class='ocrx_word' id='word_1_250' title='bbox 538 3633 851 3679; x_wconf 79' lang='lat' dir='ltr'>nascerentur,</span> <span class='ocrx_word' id='word_1_251' title='bbox 891 3632 1071 3674; x_wconf 76' lang='lat' dir='ltr'>coclites</span> <span class='ocrx_word' id='word_1_252' title='bbox 1106 3632 1399 3681; x_wconf 78' lang='lat' dir='ltr'>vocabantur,</span> 
     </span>
     <span class='ocr_line' id='line_1_42' title="bbox 408 3697 1402 3749; baseline 0.001 -9"><span class='ocrx_word' id='word_1_253' title='bbox 408 3697 562 3749; x_wconf 84' lang='lat' dir='ltr'>Pliny,</span> <span class='ocrx_word' id='word_1_254' title='bbox 603 3699 716 3740; x_wconf 84' lang='lat' dir='ltr'>Nat.</span> <span class='ocrx_word' id='word_1_255' title='bbox 755 3699 884 3740; x_wconf 88' lang='lat' dir='ltr'>Hist.</span> <span class='ocrx_word' id='word_1_256' title='bbox 927 3701 995 3746; x_wconf 89' lang='lat'>11.</span> <span class='ocrx_word' id='word_1_257' title='bbox 1039 3701 1140 3741; x_wconf 91' lang='lat'>150.</span> <span class='ocrx_word' id='word_1_258' title='bbox 1212 3699 1402 3741; x_wconf 89' lang='lat' dir='ltr'>Doubt-</span> 
     </span>
     <span class='ocr_line' id='line_1_43' title="bbox 407 3765 1404 3815; baseline 0.001 -8"><span class='ocrx_word' id='word_1_259' title='bbox 407 3765 501 3808; x_wconf 90' lang='lat' dir='ltr'>less</span> <span class='ocrx_word' id='word_1_260' title='bbox 557 3777 619 3807; x_wconf 83' lang='lat' dir='ltr'>an</span> <span class='ocrx_word' id='word_1_261' title='bbox 676 3765 915 3808; x_wconf 82' lang='lat' dir='ltr'>inherited</span> <span class='ocrx_word' id='word_1_262' title='bbox 973 3777 1257 3815; x_wconf 85' lang='lat' dir='ltr'>cognomen.</span> <span class='ocrx_word' id='word_1_263' title='bbox 1345 3766 1404 3808; x_wconf 81' lang='lat' dir='ltr'>id</span> 
     </span>
     <span class='ocr_line' id='line_1_44' title="bbox 407 3832 1405 3875; baseline -0.001 -1"><span class='ocrx_word' id='word_1_264' title='bbox 407 3832 862 3875; x_wconf 71' lang='lat' dir='ltr'>munimentum:</span> <span class='ocrx_word' id='word_1_265' title='bbox 907 3833 997 3874; x_wconf 87' lang='lat' dir='ltr'>“in</span> <span class='ocrx_word' id='word_1_266' title='bbox 1038 3833 1139 3874; x_wconf 86' lang='lat' dir='ltr'>him</span> <span class='ocrx_word' id='word_1_267' title='bbox 1182 3843 1211 3874; x_wconf 84' lang='lat' dir='ltr'>a</span> <span class='ocrx_word' id='word_1_268' title='bbox 1253 3836 1405 3874; x_wconf 85' lang='lat' dir='ltr'>tower</span> 
     </span>
    </p>
   </div>
   <div class='ocr_carea' id='block_1_20' title="bbox 1500 3093 2504 3818">
    <p class='ocr_par' dir='ltr' id='par_1_21' title="bbox 1502 3093 1857 3144">
     <span class='ocr_line' id='line_1_45' title="bbox 1502 3093 1857 3144; baseline 0 -8"><span class='ocrx_word' id='word_1_269' title='bbox 1502 3094 1551 3136; x_wconf 83' lang='lat' dir='ltr'>of</span> <span class='ocrx_word' id='word_1_270' title='bbox 1580 3093 1857 3144; x_wconf 84' lang='lat' dir='ltr'>st.rength.”</span> 
     </span>
    </p>

    <p class='ocr_par' dir='ltr' id='par_1_22' title="bbox 1500 3162 2503 3541">
     <span class='ocr_line' id='line_1_46' title="bbox 1561 3162 2503 3206; baseline 0.001 -2"><span class='ocrx_word' id='word_1_271' title='bbox 1561 3163 1611 3205; x_wconf 79' lang='lat'>4.</span> <span class='ocrx_word' id='word_1_272' title='bbox 1645 3162 1888 3206; x_wconf 75' lang='lat' dir='ltr'>deserto:</span> <span class='ocrx_word' id='word_1_273' title='bbox 1930 3162 2247 3204; x_wconf 80' lang='lat' dir='ltr'>conditional.</span> <span class='ocrx_word' id='word_1_274' title='bbox 2323 3162 2503 3205; x_wconf 69' lang='lat' dir='ltr'>trann-</span> 
     </span>
     <span class='ocr_line' id='line_1_47' title="bbox 1503 3229 2501 3282; baseline 0 -10"><span class='ocrx_word' id='word_1_275' title='bbox 1503 3229 1676 3272; x_wconf 77' lang='lat' dir='ltr'>itum:</span> <span class='ocrx_word' id='word_1_276' title='bbox 1737 3229 1995 3282; x_wconf 73' lang='lat' dir='ltr'>participle</span> <span class='ocrx_word' id='word_1_277' title='bbox 2018 3248 2059 3262; x_wconf 91' lang='lat'>==</span> <span class='ocrx_word' id='word_1_278' title='bbox 2082 3230 2375 3273; x_wconf 72' lang='lat' dir='ltr'>transissent.</span> <span class='ocrx_word' id='word_1_279' title='bbox 2452 3229 2501 3272; x_wconf 87' lang='lat' dir='ltr'>1t</span> 
     </span>
     <span class='ocr_line' id='line_1_48' title="bbox 1500 3296 2503 3354; baseline 0.001 -17"><span class='ocrx_word' id='word_1_280' title='bbox 1500 3307 1616 3347; x_wconf 85' lang='lat' dir='ltr'>may</span> <span class='ocrx_word' id='word_1_281' title='bbox 1632 3296 1694 3338; x_wconf 92' lang='lat' dir='ltr'>be</span> <span class='ocrx_word' id='word_1_282' title='bbox 1719 3296 1950 3347; x_wconf 83' lang='lat' dir='ltr'>regarded</span> <span class='ocrx_word' id='word_1_283' title='bbox 1974 3307 2029 3338; x_wconf 85' lang='lat' dir='ltr'>as</span> <span class='ocrx_word' id='word_1_284' title='bbox 2062 3309 2092 3340; x_wconf 88' lang='lat' dir='ltr'>a</span> <span class='ocrx_word' id='word_1_285' title='bbox 2125 3298 2297 3354; x_wconf 81' lang='lat' dir='ltr'>subst.,</span> <span class='ocrx_word' id='word_1_286' title='bbox 2324 3297 2413 3338; x_wconf 80' lang='lat' dir='ltr'>but</span> <span class='ocrx_word' id='word_1_287' title='bbox 2439 3297 2503 3338; x_wconf 84' lang='lat' dir='ltr'>cf.</span> 
     </span>
     <span class='ocr_line' id='line_1_49' title="bbox 1500 3362 2502 3413; baseline 0.003 -10"><span class='ocrx_word' id='word_1_288' title='bbox 1500 3365 1557 3404; x_wconf 85' lang='lat' dir='ltr'>ab</span> <span class='ocrx_word' id='word_1_289' title='bbox 1580 3367 1700 3413; x_wconf 70' lang='lat' dir='ltr'>terqo</span> <span class='ocrx_word' id='word_1_290' title='bbox 1724 3363 1871 3412; x_wconf 82' lang='lat' dir='ltr'>Alpes</span> <span class='ocrx_word' id='word_1_291' title='bbox 1894 3395 1906 3405; x_wconf 91' lang='lat'>.</span> <span class='ocrx_word' id='word_1_292' title='bbox 1933 3395 1944 3406; x_wconf 94' lang='lat'>.</span> <span class='ocrx_word' id='word_1_293' title='bbox 1972 3395 1983 3406; x_wconf 94' lang='lat'>.</span> <span class='ocrx_word' id='word_1_294' title='bbox 2007 3362 2247 3413; x_wconf 73' lang='lat' dir='ltr'>tramitae,</span> <span class='ocrx_word' id='word_1_295' title='bbox 2272 3365 2346 3406; x_wconf 84' lang='lat'>21.</span> <span class='ocrx_word' id='word_1_296' title='bbox 2363 3365 2440 3406; x_wconf 86' lang='lat'>43.</span> <span class='ocrx_word' id='word_1_297' title='bbox 2456 3365 2502 3406; x_wconf 79' lang='lat'>4.</span> 
     </span>
     <span class='ocr_line' id='line_1_50' title="bbox 1505 3430 2503 3482; baseline 0 -10"><span class='ocrx_word' id='word_1_298' title='bbox 1505 3431 1663 3480; x_wconf 78' lang='lat' dir='ltr'>terro,</span> <span class='ocrx_word' id='word_1_299' title='bbox 1696 3434 1809 3473; x_wconf 87' lang='lat' dir='ltr'>ete.:</span> <span class='ocrx_word' id='word_1_300' title='bbox 1840 3441 1869 3472; x_wconf 89' lang='lat' dir='ltr'>a</span> <span class='ocrx_word' id='word_1_301' title='bbox 1898 3430 2176 3482; x_wconf 77' lang='lat' dir='ltr'>proverbial</span> <span class='ocrx_word' id='word_1_302' title='bbox 2205 3431 2503 3482; x_wconf 84' lang='lat' dir='ltr'>expression.</span> 
     </span>
     <span class='ocr_line' id='line_1_51' title="bbox 1504 3499 1823 3541; baseline -0.003 0"><span class='ocrx_word' id='word_1_303' title='bbox 1504 3499 1571 3541; x_wconf 85' lang='lat' dir='ltr'>Cf.</span> <span class='ocrx_word' id='word_1_304' title='bbox 1607 3500 1645 3540; x_wconf 91' lang='lat'>1.</span> <span class='ocrx_word' id='word_1_305' title='bbox 1674 3499 1751 3540; x_wconf 87' lang='lat'>59.</span> <span class='ocrx_word' id='word_1_306' title='bbox 1783 3499 1823 3540; x_wconf 93' lang='lat'>1.</span> 
     </span>
    </p>

    <p class='ocr_par' dir='ltr' id='par_1_23' title="bbox 1504 3563 2504 3750">
     <span class='ocr_line' id='line_1_52' title="bbox 1565 3563 2501 3616; baseline -0.003 -8"><span class='ocrx_word' id='word_1_307' title='bbox 1565 3567 1612 3608; x_wconf 77' lang='lat'>5.</span> <span class='ocrx_word' id='word_1_308' title='bbox 1646 3565 1795 3607; x_wconf 75' lang='lat' dir='ltr'>inter</span> <span class='ocrx_word' id='word_1_309' title='bbox 1840 3593 1856 3608; x_wconf 91' lang='grc'><strong>.</strong></span> <span class='ocrx_word' id='word_1_310' title='bbox 1902 3594 1916 3607; x_wconf 89' lang='grc'><strong>.</strong></span> <span class='ocrx_word' id='word_1_311' title='bbox 1964 3594 1977 3606; x_wconf 94' lang='grc'><strong>.</strong></span> <span class='ocrx_word' id='word_1_312' title='bbox 2020 3565 2205 3616; x_wconf 68' lang='lat' dir='ltr'>terga:</span> <span class='ocrx_word' id='word_1_313' title='bbox 2246 3565 2323 3607; x_wconf 86' lang='lat' dir='ltr'>i.e.</span> <span class='ocrx_word' id='word_1_314' title='bbox 2366 3563 2501 3606; x_wconf 76' lang='lat' dir='ltr'>amid</span> 
     </span>
     <span class='ocr_line' id='line_1_53' title="bbox 1504 3631 2504 3674; baseline -0.002 0"><span class='ocrx_word' id='word_1_315' title='bbox 1504 3643 1614 3674; x_wconf 87' lang='lat' dir='ltr'>men</span> <span class='ocrx_word' id='word_1_316' title='bbox 1667 3632 1832 3674; x_wconf 87' lang='lat' dir='ltr'>whose</span> <span class='ocrx_word' id='word_1_317' title='bbox 1884 3632 2038 3674; x_wconf 81' lang='lat' dir='ltr'>backs</span> <span class='ocrx_word' id='word_1_318' title='bbox 2089 3643 2216 3674; x_wconf 88' lang='lat' dir='ltr'>were</span> <span class='ocrx_word' id='word_1_319' title='bbox 2267 3634 2396 3673; x_wconf 87' lang='lat' dir='ltr'>most</span> <span class='ocrx_word' id='word_1_320' title='bbox 2452 3631 2504 3672; x_wconf 87' lang='lat' dir='ltr'>in</span> 
     </span>
     <span class='ocr_line' id='line_1_54' title="bbox 1504 3699 2373 3750; baseline -0.001 -9"><span class='ocrx_word' id='word_1_321' title='bbox 1504 3700 1736 3742; x_wconf 89' lang='lat' dir='ltr'>evidence</span> <span class='ocrx_word' id='word_1_322' title='bbox 1765 3710 1820 3741; x_wconf 84' lang='lat' dir='ltr'>as</span> <span class='ocrx_word' id='word_1_323' title='bbox 1849 3700 1969 3750; x_wconf 82' lang='lat' dir='ltr'>they</span> <span class='ocrx_word' id='word_1_324' title='bbox 1999 3700 2088 3743; x_wconf 79' lang='lat' dir='ltr'>left</span> <span class='ocrx_word' id='word_1_325' title='bbox 2120 3699 2205 3741; x_wconf 87' lang='lat' dir='ltr'>the</span> <span class='ocrx_word' id='word_1_326' title='bbox 2233 3699 2373 3747; x_wconf 83' lang='lat' dir='ltr'>fight.</span> 
     </span>
    </p>

    <p class='ocr_par' dir='ltr' id='par_1_24' title="bbox 1566 3765 2461 3818">
     <span class='ocr_line' id='line_1_55' title="bbox 1566 3765 2461 3818; baseline -0.004 -8"><span class='ocrx_word' id='word_1_327' title='bbox 1566 3769 1615 3810; x_wconf 81' lang='grc'>7.</span> <span class='ocrx_word' id='word_1_328' title='bbox 1649 3768 1801 3818; x_wconf 79' lang='lat' dir='ltr'>quod</span> <span class='ocrx_word' id='word_1_329' title='bbox 1845 3765 2461 3810; x_wconf 70' lang='lat' dir='ltr'>tumultuosissimum:</span> 
     </span>
    </p>
   </div>
   <div class='ocr_carea' id='block_1_21' title="bbox 1510 3834 1865 3877">
    <p class='ocr_par' dir='ltr' id='par_1_25' title="bbox 1510 3834 1865 3877">
     <span class='ocr_line' id='line_1_56' title="bbox 1510 3834 1865 3877; baseline -0.003 0"><span class='ocrx_word' id='word_1_330' title='bbox 1510 3834 1635 3877; x_wconf 81' lang='lat' dir='ltr'>“the</span> <span class='ocrx_word' id='word_1_331' title='bbox 1663 3835 1865 3876; x_wconf 89' lang='lat' dir='ltr'>brunt.&#39;&#39;</span> 
     </span>
    </p>
   </div>
  </div>
 </body>
</html>
