2925 4375
487 144 589 198 124
1401 142 1469 196 T.
1503 140 1664 195 LIVI
2297 142 2456 205 [xlvi.
2518 143 2585 194 11

480 324 658 403 prius
688 322 1055 403 profectum
1089 322 1173 386 ab
1200 321 1434 397 Ardea,
1458 342 1660 402 quam
1693 322 2079 405 compererit
2111 322 2318 401 legem
2352 321 2582 398 latam,

481 422 657 504 quod
705 443 823 486 nec
872 422 1119 485 iniussu
1166 420 1391 502 populi
1440 420 1684 484 mutari
1731 420 1971 483 finibus
2017 426 2238 502 posset
2288 441 2408 484 nec
2459 422 2586 485 nisi

480 522 766 585 dictator
796 521 1011 584 dictus
1046 520 1335 601 auspicia
1366 521 1434 583 in
1464 520 1758 584 exercitu
1791 520 2031 584 habere
2055 554 2140 565 -
2162 519 2268 585 lex
2325 519 2588 585 curiata

481 621 619 685 lata
650 628 751 684 est
784 621 1199 701 dictatorque
1234 620 1468 683 absens
1501 620 1735 683 dictus.

434 797 438 803 Ι
605 721 881 784 XLVII.
930 722 1105 783 Dum
1186 721 1343 783 haec
1422 719 1576 783 Veis
1655 719 2037 798 agebantur,
2117 719 2383 783 interim
2465 741 2584 783 arx

484 821 734 884 Romae
773 820 1299 900 Capitoliumque
1339 820 1406 881 in
1446 819 1696 898 ingenti
1734 819 2018 899 periculo
2045 818 2190 883 fuit.
2275 818 2583 900 Namque

483 919 671 997 Galli,
718 940 833 984 seu
881 920 1153 999 vestigio
1201 925 1434 982 notato
1483 920 1792 995 human0,
1842 940 1976 999 qua
2021 919 2293 983 nuntius
2341 940 2384 983 a
2429 920 2582 983 Veis

482 1026 887 1101 pervenerat,
942 1040 1056 1083 seu
1106 1040 1228 1083 sua
1277 1025 1513 1098 sponte
1567 1017 2021 1081 animadverso
2076 1019 2158 1081 ad
2213 1019 2581 1083 Carmentis

480 1140 641 1182 saxo
697 1140 967 1183 ascensu
1022 1139 1250 1221 aequ0,
1307 1124 1501 1181 nocte
1552 1117 1886 1194 sublustri,
1943 1138 2093 1181 cum
2148 1118 2361 1199 primo
2416 1120 2584 1182 iner-

482 1239 674 1297 mem,
755 1219 869 1299 qui
946 1224 1305 1307 temptaret
1383 1218 1581 1294 viam,
1661 1206 2163 1298 praemisissent,
2243 1217 2583 1282 tradentes

482 1319 632 1381 inde
693 1339 894 1395 arma,
958 1318 1071 1381 ubi
1130 1316 1288 1398 quid
1351 1317 1558 1398 iniqui
1617 1324 1806 1393 esset,
1871 1315 2103 1380 alterni
2162 1316 2370 1379 innixi
2430 1318 2584 1381 sub-
2662 1305 2669 1309 ⁵

483 1418 904 1498 levantesque
949 1418 1017 1479 in
1062 1418 1271 1480 vicem
1314 1423 1383 1480 et
1428 1418 1764 1480 trahentes
1811 1415 1917 1479 alii
1964 1416 2141 1493 alios,
2189 1423 2388 1497 prout
2433 1438 2583 1498 pos-

483 1518 723 1580 tularet
786 1517 983 1593 locus,
1051 1523 1242 1580 tanto
1306 1516 1564 1580 silentio
1628 1517 1696 1579 in
1757 1536 2091 1579 summum
2154 1536 2439 1593 evasere,
2507 1524 2584 1580 ut

483 1639 615 1679 non
680 1617 981 1680 custodes
1045 1617 1257 1680 solum
1322 1615 1641 1693 fallerent,
1709 1616 1822 1679 sed
1887 1636 1968 1679 ne
2033 1636 2226 1680 canes
2290 1616 2580 1696 quidem,

482 1717 829 1780 sollicitum
900 1716 1141 1779 animal
1212 1714 1295 1779 ad
1365 1723 1722 1779 nocturnos
1788 1716 2122 1795 strepitus,
2191 1717 2580 1779 excitarent.

483 1816 756 1879 Anseres
809 1837 942 1879 non
994 1815 1295 1892 fefellere,
1332 1816 1571 1896 quibus
1623 1816 1822 1878 sacris
1877 1815 2146 1879 Iunonis
2199 1816 2268 1877 in
2320 1834 2586 1879 summa

480 1914 702 1997 inopia
759 1916 886 1979 cibi
944 1922 1168 1979 tamen
1227 1915 1700 1979 abstinebatur.
1791 1913 1976 1990 Quae
2014 1936 2114 1977 res
2169 1914 2366 1977 saluti
2426 1914 2582 1991 fuit;

483 2036 765 2095 namque
848 2015 1145 2094 clangore
1225 2035 1451 2078 eorum
1536 2013 1917 2095 alarumque
1997 2014 2248 2093 crepitu
2327 2016 2584 2078 excitus

485 2114 567 2175 M.
627 2112 923 2192 ManliuS,
981 2115 1093 2196 qui
1147 2116 1425 2177 triennio
1483 2120 1635 2177 ante
1690 2114 1912 2177 consul
1967 2113 2201 2191 fuerat,
2258 2114 2360 2176 vir
2412 2113 2582 2177 bello

482 2216 789 2294 egregiuS,
856 2217 1051 2278 armis
1115 2216 1388 2295 arreptis
1450 2214 1648 2281 simul.
1707 2213 1790 2276 ad
1854 2235 2037 2278 arma
2100 2221 2346 2278 ceteros
2410 2216 2583 2277 ciens

485 2315 688 2390 vadit,
751 2321 838 2390 et,
902 2315 1061 2377 dum
1124 2315 1320 2378 ceteri
1381 2314 1736 2394 trepidant,
1803 2314 2084 2390 Gallum,
2147 2315 2261 2395 qui
2320 2315 2454 2377 iam
2513 2315 2583 2376 in

482 2434 738 2476 summo
816 2416 1220 2490 constiterat,
1249 2400 1254 2405 ⁸
1283 2415 1568 2476 umbone
1645 2414 1850 2476 ictum
1928 2413 2257 2476 deturbat.
2381 2414 2580 2476 Cuius

484 2534 669 2576 casus
749 2513 1032 2593 prolapsi
1114 2534 1262 2576 cum
1344 2513 1676 2592 proximos
1755 2519 2093 2590 sterneret,
2177 2513 2582 2594 trepidantes

485 2612 641 2676 alios
686 2613 1009 2693 armisque
1052 2614 1305 2676 omissis
1347 2634 1529 2688 saxa,
1576 2612 1814 2693 quibus
1861 2613 2324 2688 adhaerebant,
2373 2613 2582 2675 mani-

482 2712 604 2775 bus
653 2712 985 2791 amplexos
1019 2712 1326 2775 trucidat.
1422 2713 1696 2792 Iamque
1743 2719 1810 2774 et
1861 2712 1967 2773 alii
2016 2712 2389 2791 congregati
2435 2711 2581 2775 telis

483 2812 961 2892 missilibusque
1030 2813 1205 2875 saxis
1276 2812 1663 2891 proturbare
1735 2813 1974 2888 hosteS,
2047 2813 2366 2892 ruinaque
2437 2818 2584 2875 tota

1583 2997 1624 3040 is
1659 3000 1748 3040 not
1787 2999 1840 3039 to
1878 2996 1939 3039 be
1975 2996 2214 3049 supplied.
2240 2996 2450 3040 because
2491 2995 2584 3048 ral-
2633 2971 2640 2976 ι

1583 3065 1726 3108 lerent
1753 3082 1796 3098 ==
1823 3075 1920 3106 non
1942 3065 2207 3108 excitarent.

481 2995 609 3040 until
634 2995 720 3040 the
745 2997 909 3039 action
936 3008 1035 3040 was
1061 2997 1227 3041 taken.
1289 2997 1389 3040 But
1416 2996 1481 3040 cf.

483 3067 527 3108 9.
561 3067 605 3106 4.
643 3065 714 3108 14.
780 3065 882 3107 The
912 3066 1077 3107 action
1108 3076 1208 3107 was
1239 3065 1484 3116 probably

483 3132 534 3173 of
570 3141 600 3173 a
637 3141 890 3182 summary
926 3131 1193 3180 character,
1235 3132 1321 3174 the
1355 3131 1484 3182 legal

484 3197 639 3240 snarls
688 3198 835 3247 being
882 3199 1008 3240 later
1056 3198 1251 3240 devices
1299 3201 1353 3240 to
1401 3209 1486 3241 ex-

484 3264 619 3316 pand
647 3264 732 3308 the
758 3264 868 3306 idea
894 3265 945 3306 in
974 3267 1017 3308 7.

550 3331 755 3374 XLVII.
790 3333 841 3374 2.
876 3340 1011 3382 qua:
1034 3342 1100 3374 sc.
1125 3333 1271 3382 parte.
1316 3332 1486 3376 esset:

486 3399 727 3447 iterative,
772 3409 826 3440 as
866 3399 907 3440 is
948 3399 1201 3449 postularet
1248 3399 1335 3449 (3).
1409 3400 1487 3442 al-

485 3465 629 3508 terni
672 3494 685 3507 .
728 3493 740 3507 .
782 3494 795 3507 .
831 3464 991 3508 alios:
1030 3466 1179 3507 “now
1214 3466 1484 3516 supported

486 3532 555 3584 by
586 3531 726 3574 those
757 3531 985 3582 beneath,
1020 3542 1075 3574 or
1104 3532 1157 3574 in
1188 3534 1305 3575 turn
1337 3532 1488 3583 push-

485 3599 570 3648 ing
606 3599 732 3640 from
771 3598 939 3648 below,
981 3598 1080 3641 and
1118 3598 1357 3648 dragging
1393 3608 1488 3641 one

486 3665 694 3708 another
718 3665 913 3714 along.'’

550 3733 598 3774 8.
632 3738 750 3773 non
778 3760 791 3773 .
820 3760 833 3772 .
864 3760 875 3772 .
898 3730 1111 3774 solum:
1134 3741 1165 3774 a
1187 3730 1366 3773 second
1388 3741 1488 3772 non

1646 3133 1696 3175 4.
1729 3132 1898 3176 naon:
1931 3133 2190 3176 Iunonis:
2223 3132 2302 3175 i.e.
2337 3130 2454 3182 quia
2485 3141 2587 3174 sao-

1583 3209 1664 3241 rae
1707 3209 1816 3240 aves
1860 3199 2065 3240 Iunonis
2108 3199 2255 3241 erant.
2333 3198 2396 3241 in
2444 3227 2458 3240 .
2507 3227 2521 3241 .
2551 3211 2585 3241 ·.

1584 3265 1798 3316 inopia:
1822 3265 2114 3307 concessive.
2171 3264 2275 3308 The
2296 3269 2415 3307 next
2438 3264 2588 3316 chap-

1586 3335 1662 3375 ter
1690 3331 1857 3374 dwells
1887 3341 2022 3382 upon
2052 3330 2137 3374 the
2166 3331 2364 3374 famine.
2428 3332 2586 3375 Man·

1583 3399 1718 3442 lius:
1761 3397 2023 3448 according
2063 3401 2117 3440 to
2156 3397 2283 3441 later
2324 3397 2587 3440 traditione

1585 3465 1648 3508 he
1670 3475 1770 3507 was
1793 3463 2348 3507 commander-in-chief.
2403 3463 2587 3507 ictum

1587 3530 1877 3575 deturbat:
1911 3531 2121 3574 “struck
2152 3530 2251 3573 and
2283 3529 2587 3580 dislodged.”

1651 3601 1700 3642 5.
1734 3598 1904 3643 cuius
1932 3627 1946 3640 .
1979 3626 1993 3641 .

1589 3676 1642 3708 as
1668 3665 1730 3707 he
1757 3664 1981 3707 tumbled
2008 3664 2205 3707 down.”

1589 3731 1794 3773 abiectis.

2026 3627 2039 3640 .
2064 3597 2329 3648 prolapsi:
2359 3597 2474 3638 “his
2502 3595 2587 3638 fall

2263 3663 2508 3706 omittis:
2537 3679 2580 3694 =

2283 4339 2750 4352 ’Ἣὴὴὴ
2783 4341 2886 4374 “”··““]
