2925 4375
452 136 557 191 118
1350 136 1419 191 Τ.
1453 131 1617 191 LIVI
2360 132 2477 199 [xli.
2516 138 2544 189 1

385 328 420 374 2
448 314 910 397 expectabant.
1002 313 1127 391 Qui
1171 335 1397 378 eorum
1442 312 1696 377 curules
1731 320 2064 394 gesserant
2100 316 2548 395 magistratuS,

453 423 528 480 ut
577 416 646 479 in
696 414 999 478 fortunae
1048 414 1361 494 pristinae
1412 414 1864 494 honorumque
1915 434 1989 477 ac
2045 414 2307 479 virtutis
2356 416 2552 495 insig-

452 516 645 579 nibus
699 519 1124 589 morerentur,
1181 533 1350 593 quae
1404 512 1868 593 augustissima
1922 513 2122 577 vestis
2175 520 2276 577 est
2329 520 2553 579 tensas

452 614 843 678 ducentibus
894 613 1561 693 triumphantibusve,
1614 631 1694 675 ea
1745 612 1967 694 vestiti
2021 613 2236 677 medio
2289 614 2553 678 aedium

390 730 423 773 a
454 715 752 778 eburneis
786 712 957 777 sellis
990 712 1230 777 sedere.
1316 714 1505 788 Sunt,
1535 711 1648 793 qui
1686 712 1770 773 M.
1804 711 1984 776 Folio
2020 713 2329 793 pontifice
2369 736 2556 777 max-

455 815 586 878 imo
623 814 964 894 praefante
1002 833 1263 876 carmen
1300 812 1644 875 devovisse
1679 832 1790 875 eos
1825 832 1895 875 se
1932 834 2049 893 pro
2087 814 2305 893 patria
2343 814 2558 892 Quiri-

456 915 761 995 tibusque
800 914 1117 977 Romanis
1156 912 1443 976 tradant.

392 1030 423 1073 4
582 1012 768 1089 Galli,
808 1020 876 1076 et
914 1014 1071 1094 quia
1106 1013 1495 1093 interposita
1531 1018 1724 1076 nocte
1762 1034 1802 1076 a
1839 1014 2259 1078 contentione
2296 1036 2559 1096 pugnae

447 1114 837 1177 remiserant
861 1114 1132 1188 animoS,
1152 1119 1221 1174 et
1238 1112 1416 1193 quod
1435 1132 1552 1175 nec
1576 1113 1644 1175 in
1667 1113 1804 1175 acie
1827 1114 2095 1193 ancipiti
2119 1135 2398 1195 usquam
2424 1135 2561 1177 cer-

458 1219 765 1277 taverant
791 1212 1033 1293 proelio
1061 1233 1177 1275 nec
1216 1218 1361 1275 tum
1387 1212 1642 1291 impetu
1677 1210 1796 1275 aut
1825 1212 1892 1273 vi
1927 1213 2276 1293 capiebant
2302 1208 2559 1290 urbem,

456 1315 593 1377 sine
622 1312 735 1389 ira,
760 1313 897 1375 sine
934 1311 1163 1377 ardore
1198 1312 1567 1375 animorum
1603 1312 1869 1391 ingressi
1905 1318 2165 1392 postero
2193 1312 2299 1375 die
2327 1313 2559 1376 urbem

459 1420 728 1494 patente
798 1411 1045 1475 Collina
1113 1418 1309 1493 porta
1376 1412 1444 1474 in
1516 1412 1730 1474 forum
1801 1412 2213 1493 perveniunt,
2285 1412 2562 1476 circum-

460 1513 737 1575 ferentes
789 1512 1008 1575 oculos
1062 1511 1145 1575 ad
1198 1510 1448 1593 templa
1499 1511 1698 1573 deum
1751 1532 2096 1593 arcemque
2146 1511 2356 1575 solam
2407 1512 2561 1575 belli

394 1630 427 1673 5
458 1612 736 1692 speciem
761 1617 1117 1674 tenentem.
1207 1610 1372 1674 Inde
1396 1610 1652 1673 modico
1680 1610 1906 1673 relicto
1933 1610 2276 1691 praesidio,
2297 1632 2384 1675 ne
2412 1612 2561 1693 quis

461 1703 528 1775 in
563 1711 910 1793 dissipatos
944 1732 1028 1774 ex
1064 1732 1209 1774 arce
1244 1717 1362 1775 aut
1398 1709 1719 1789 Capitolio
1755 1709 2041 1791 impetus
2091 1712 2295 1788 fieret,
2324 1711 2562 1793 dilapsi

441 1810 553 1884 ad„
571 1811 882 1893 praedam
909 1811 1133 1874 vacuis
1157 1831 1429 1875 occursu
1454 1810 1796 1873 hominum
1823 1810 1963 1886 viis,
1991 1830 2142 1890 pars
2167 1810 2236 1874 in
2259 1810 2566 1892 proxima

462 1931 759 1994 quaeque
806 1917 1142 1975 tectorum.
1180 1910 1435 1990 agmine
1482 1915 1704 1985 ruunt,
1753 1930 1904 1991 pars
1950 1908 2220 1987 ultima,¹
2255 1909 2438 1973 velut
2483 1930 2565 1973 ea

396 2028 429 2071 o
461 2011 726 2075 demum
774 2012 1028 2090 intacta
1074 2018 1143 2075 et
1190 2010 1429 2074 referta
1477 2008 1740 2091 praeda,
1790 2015 2049 2090 petunt.
2141 2009 2304 2072 Inde
2337 2030 2564 2073 rursus

463 2112 605 2192 ipsa
656 2111 1026 2188 solitudine,
1086 2110 1435 2187 absterriti,
1493 2129 1576 2173 ne
1630 2130 1764 2192 qua
1817 2108 1996 2173 fraus
2051 2109 2304 2173 hostilis
2359 2129 2564 2189 vagos

463 2214 809 2293 exciperet,
862 2214 931 2275 in
982 2213 1198 2276 forum
1252 2233 1325 2274 ac
1379 2211 1750 2292 propinqua
1801 2211 1941 2273 foro
1994 2209 2137 2273 loca
2187 2209 2562 2290 conglobati

401 2331 431 2374 ⁷
463 2313 793 2390 redibant,
845 2313 957 2375 ubi
1008 2333 1117 2376 eos
1169 2311 1374 2394 plebis
1428 2310 1735 2374 aedificiis
1785 2309 2124 2386 obseratiS,
2178 2310 2564 2391 patentibus

466 2413 647 2476 atriis
696 2414 1061 2494 principum
1115 2413 1322 2503 maior
1370 2430 1573 2492 prope
1624 2410 1959 2472 cunctatio
2010 2409 2282 2473 tenebat
2331 2416 2566 2490 aperta

400 2530 433 2573 8
464 2533 665 2593 quam
709 2511 929 2575 clausa
970 2511 1324 2575 invadendi
1335 2531 1352 2589 ς
1396 2508 1559 2573 adeo
1603 2509 1780 2572 haud
1822 2530 2007 2573 secus
2050 2530 2251 2591 quam
2295 2529 2566 2572 venera-

300 2611 302 2613 ’
464 2611 670 2674 bundi
690 2622 699 2630 '
723 2612 1152 2676 intuebantur
1202 2611 1271 2675 in
1327 2610 1588 2674 aedium
1643 2608 1982 2672 vestibulis
2034 2609 2336 2672 sedentes
2389 2609 2565 2672 viros

466 2719 722 2791 praeter
812 2719 1119 2774 ornatum
1212 2711 1645 2791 habitumque
1737 2709 2026 2772 humano
2119 2708 2564 2788 augustiorem

467 2811 809 2874 maiestate
856 2812 1075 2888 etiam,
1128 2832 1327 2892 quam
1377 2808 1602 2872 vultus
1649 2808 2069 2890 gravitasque
2115 2808 2244 2872 oris
2291 2829 2448 2891 prae
2496 2829 2566 2872 se

402 2929 433 2971 9
468 2911 736 2986 ferebat,
778 2910 1135 2974 simillimos
1175 2910 1293 2974 dis.
1384 2909 1486 2972 Ad
1524 2929 1634 2972 eos
1660 2907 1842 2971 velut
1882 2907 1965 2971 ad
2006 2908 2355 2973 simulacra
2395 2910 2566 2973 versi

529 3061 581 3106 2.
614 3059 831 3104 curules
882 3092 895 3105 .
946 3093 959 3106 .
1010 3093 1023 3106 .
1070 3061 1463 3113 magistratus:
1565 3057 1706 3103 usual
1732 3057 1988 3122 throngSJ’

469 3130 545 3172 i.e.
584 3129 813 3180 entitling
850 3130 935 3173 the
981 3130 1269 3174 incumbent
1308 3134 1363 3172 to
1401 3131 1463 3173 sit
1630 3131 1678 3171 Β.
1712 3129 2035 3179 conglobati
2076 3128 2362 3174 redibant:
2405 3129 2569 3181 “kept

469 3197 520 3239 ln
537 3196 623 3238 the
638 3197 752 3238 sella
766 3197 962 3240 curuli-3.
1012 3197 1198 3242 medlo
1214 3197 1466 3242 aedium:
1567 3196 1822 3246 returning
1847 3196 1898 3238 in
1927 3196 2162 3245 squadS.”

470 3274 549 3306 see
572 3273 638 3305 on
666 3264 707 3306 1.
732 3265 808 3306 57.
834 3265 879 3306 9.
1630 3263 1680 3305 8.
1713 3262 1775 3305 ln
1796 3262 2026 3307 necllum
2045 3263 2364 3307 vestibulis:
2383 3263 2572 3316 loosely

534 3331 584 3372 8.
617 3329 930 3380 praetante:
969 3330 1089 3382 they
1125 3341 1251 3373 were
1287 3333 1342 3373 to
1380 3331 1471 3373 fol·
1569 3329 1689 3372 used
1737 3329 1819 3378 (cf.
1865 3329 1932 3380 2).
1977 3339 2034 3371 or
2076 3329 2164 3372 the
2203 3329 2410 3372 seniores
2451 3340 2572 3382 may

470 3396 578 3445 low.
605 3397 859 3447 repeating
882 3397 958 3438 his
982 3397 1193 3439 formula
1223 3397 1469 3448 (cannen).
1569 3397 1698 3440 have
1799 3396 2052 3448 variously
2151 3395 2321 3438 seated
2411 3396 2572 3439 them-

534 3463 584 3504 4.
616 3462 949 3505 remlserant
1016 3463 1260 3506 animos:
1330 3463 1470 3506 “had
1571 3464 1742 3507 selveS.

471 3528 654 3572 abated
689 3528 817 3572 their
848 3529 1049 3580 anger.”
1116 3529 1371 3581 patente:
1405 3530 1472 3575 cf.
1633 3531 1683 3573 9.
1717 3529 2116 3581 permulcenti:
2139 3530 2261 3573 with
2287 3529 2436 3580 Gallo,
2465 3530 2572 3575 dat.

472 3598 549 3639 38.
585 3596 657 3640 10.
1572 3597 1623 3640 of
1681 3598 1926 3640 reference
1984 3598 2114 3640 after
2171 3597 2298 3640 iram
2355 3597 2572 3641 movi-sse.

536 3665 586 3706 5.
619 3664 812 3707 vtem·
838 3691 852 3706 .
878 3691 894 3707 .
918 3692 933 3706 .
955 3663 1087 3707 vus:
1110 3663 1364 3714 “through
1386 3663 1475 3707 the
1574 3664 1766 3707 ortum
1802 3665 1963 3715 (esse).·
1994 3665 2122 3707 after
2152 3664 2329 3707 dicitur
2357 3674 2468 3706 now
2499 3674 2574 3707 re-

462 3733 650 3772 ·streets
706 3730 916 3773 without
977 3731 1329 3780 encountering
1386 3731 1474 3774 the
1572 3730 1754 3780 garded
1779 3741 1835 3772 as
1857 3731 2170 3783 impersonal.
