2925 4375
434 202 537 255 158
624 233 627 235 ψ
1328 202 1393 255 T.
1430 202 1592 255 L1v1
2313 204 2452 269 [xix.
2487 208 2524 259 3

433 403 638 447 annos
685 382 755 445 in
805 382 1086 460 Etruria,
1137 384 1205 445 in
1255 384 1532 447 Umbria
1580 384 1779 448 Gallis
1829 386 2125 449 hostibus
2175 387 2520 463 adiunctiS,

366 489 398 532 4
433 483 499 545 in
540 483 824 559 SamniO,
865 484 932 545 in
973 484 1251 547 Lucanis
1289 486 1601 563 gerebant
1638 485 1900 547 bellum.
1986 487 2250 548 Latium
2289 487 2525 550 deinde

432 602 625 645 omne
675 603 824 645 cum
874 583 1129 646 Sabinis
1177 590 1246 646 et
1294 584 1541 647 Volscis
1589 592 1657 647 et
1706 585 1947 665 Aequis
1992 592 2062 649 et
2109 586 2287 648 omni
2336 587 2527 649 Cam-

432 683 630 761 pania
684 689 752 744 et
807 689 993 763 parte
1050 684 1361 746 Umbriae
1419 686 1847 764 Etruriaeque
1902 691 1970 748 et
2026 686 2402 748 Picentibus
2455 692 2525 749 et
2585 738 2596 748 .

433 782 660 844 Marsis
711 782 1158 862 Paelignisque
1208 805 1283 845 ac
1332 773 1616 845 Vestinis
1666 791 1864 864 atque
1913 785 2160 864 ApuliS,
2212 786 2528 848 adiuncta

432 882 610 946 omni
666 903 779 944 ora
834 883 1226 945 Graecorum
1282 883 1468 945 inferi
1523 885 1719 947 maris
1776 906 1815 947 a
1867 885 2124 947 Thuriis
2181 885 2524 965 Neapolim

432 988 501 1043 et
546 983 801 1057 CumaS,
850 989 918 1044 et
962 982 1112 1044 inde
1158 983 1358 1046 Antio
1405 990 1604 1062 atque
1652 984 1850 1046 Ostiis
1895 991 2106 1061 tenus,
2155 992 2272 1069 aut
2315 985 2526 1047 socios

434 1080 684 1144 validos
753 1082 1068 1145 Romanis
1136 1089 1251 1145 aut
1319 1083 1562 1145 fractos
1629 1083 1796 1145 bello
1863 1084 2215 1148 invenisset
2281 1085 2521 1147 hostes.

364 1187 394 1231 5
433 1182 581 1260 Ipse
618 1182 993 1245 vtraiecisset
1049 1202 1225 1245 mare
1280 1203 1428 1245 cum
1486 1184 1810 1246 veteranis
1868 1184 2348 1261 Macedonibus,
2393 1206 2527 1247 non

433 1281 577 1360 plus
648 1282 920 1360 triginta
987 1281 1247 1345 milibus
1316 1283 1673 1360 hominum,
1745 1290 1812 1346 et
1883 1291 2198 1363 quattuor
2266 1284 2527 1346 milibus

432 1381 749 1460 equitum,
805 1382 1088 1443 maxime
1137 1382 1591 1444 Thessalorum
1602 1404 1618 1459 ;
1669 1383 1790 1445 hoc
1841 1384 2013 1445 enim
2063 1384 2311 1447 roboris
2359 1390 2521 1462 erat.

434 1481 680 1557 Persas,
749 1480 950 1542 Indos
1014 1480 1301 1561 aliasque
1364 1482 1417 1544 si
1482 1482 1883 1545 adiunxisset
1946 1490 2188 1563 genteS,
2255 1483 2528 1563 impedi-

367 1587 397 1629 6
433 1586 729 1641 mentum
787 1581 997 1642 maius
1056 1602 1254 1661 quam
1314 1582 1630 1644 auxilium
1688 1584 1993 1645 traheret.
2098 1583 2302 1660 Adde,
2349 1582 2526 1663 quod

434 1680 749 1743 Romanis
806 1679 887 1743 ad
946 1700 1214 1743 manum
1270 1681 1449 1743 domi
1503 1682 2032 1761 supplementum
2087 1689 2276 1759 esset,
2336 1682 2528 1745 Alex-

434 1779 657 1855 andr0,
720 1780 895 1861 quod
956 1788 1187 1860 postea
1245 1780 1601 1844 Hannibali
1661 1782 1914 1859 accidit,
1979 1783 2185 1845 alieno
2244 1783 2312 1845 in
2371 1804 2526 1861 agro

368 1888 397 1929 7
432 1879 702 1942 bellanti
739 1880 1060 1943 exercitus
1098 1882 1557 1943 consenuisset.
1641 1884 1843 1945 Arma
1879 1882 2121 1962 clipeus
2157 1884 2528 1963 sarisaeque

432 1979 553 2041 illis
564 2000 580 2056 ;
642 1981 943 2043 Romano
1001 1987 1283 2057 scutum,
1346 1982 1556 2044 maius
1617 1983 1866 2061 corpori
1924 1989 2397 2068 tegumentum,
2459 1988 2529 2045 et

431 2080 656 2158 pilum,
701 2080 876 2142 haud
918 2080 1113 2160 paulo
1155 2102 1355 2161 quam
1397 2081 1590 2144 hasta
1630 2083 2080 2145 vehementius
2119 2083 2258 2145 ictu
2299 2083 2530 2144 missu-

366 2189 396 2231 8
432 2201 557 2260 que
604 2180 827 2243 telum.
938 2182 1262 2244 Statarius
1328 2189 1602 2262 uterque
1667 2182 1868 2258 mileS,
1913 2182 2169 2246 ordines
2232 2204 2500 2245 servans
2510 2204 2527 2260 3

429 2280 541 2342 sed
601 2280 713 2343 illa
767 2281 1057 2361 phalanx
1112 2281 1463 2344 immobilis
1521 2289 1589 2344 et
1647 2284 1838 2346 unius
1897 2283 2161 2362 generis,
2225 2284 2529 2345 Romana

432 2381 599 2444 acies
652 2381 1039 2457 distinctior,
1096 2402 1179 2444 ex
1233 2381 1528 2463 pluribus
1583 2384 1882 2461 partibus
1937 2390 2263 2459 constans,
2321 2383 2528 2445 facilis

362 2490 392 2530 9
428 2481 759 2561 partienti,
813 2502 1225 2562 quacumque
1274 2501 1441 2560 opus
1488 2490 1677 2559 esset,
1730 2482 1939 2545 facilis
1988 2483 2301 2562 iungenti.
2379 2481 2526 2545 Iam

489 2650 539 2692 4.
576 2651 936 2694 Graecorum:
990 2649 1074 2692 the
1106 2649 1318 2694 colonies
1378 2651 1429 2693 of

428 2717 513 2760 the
550 2719 599 2762 S.
639 2718 714 2760 W.
753 2722 889 2760 coast
927 2718 979 2760 of
1015 2718 1164 2769 Italy.
1235 2717 1428 2761 tenus:

1527 2651 1701 2696 hastae.
1757 2651 2012 2696 scutum:
2036 2651 2122 2695 the
2142 2652 2325 2702 oblong
2343 2652 2529 2694 scutum

1528 2730 1652 2768 gave
1674 2730 1808 2762 more
1831 2721 2107 2772 protection
2131 2718 2256 2761 than
2279 2720 2364 2762 the
2386 2719 2528 2762 small

426 2784 611 2836 always
653 2785 781 2827 after
822 2785 887 2827 its
928 2795 1053 2828 case.
1130 2785 1202 2828 Cf.
1244 2795 1430 2827 summo

425 2853 562 2894 tenus
590 2861 681 2903 ore,
718 2853 839 2896 Aen.
874 2853 915 2894 1.
947 2853 1054 2895 737.

490 2922 537 2963 5.
573 2919 813 2969 triginta
833 2919 1088 2963 mnibus:
1116 2921 1273 2964 XXX
1289 2921 1429 2964 milia

424 2988 637 3038 peditum
662 2987 982 3036 sequebantur,
1010 2987 1067 3030 in
1092 2988 1263 3037 quibus
1288 2987 1430 3030 Grae-

424 3065 585 3098 corum
662 3055 795 3098 erant
870 3054 982 3096 IIII
1056 3055 1210 3102 milia,
1290 3055 1427 3098 Curt.

488 3192 537 3233 8.
571 3190 643 3234 ad
659 3198 923 3233 manum:
942 3190 971 3208 “
982 3193 1034 3232 at
1050 3189 1237 3232 hand.”
1253 3189 1425 3240 Adde,

425 3257 600 3309 quod:
630 3275 673 3290 =
700 3259 951 3308 praeterea.
1010 3257 1180 3300 esset:
1206 3257 1282 3299 for
1306 3258 1429 3309 tuis-

424 3327 511 3373 θεὰ·
529 3327 620 3368 but
640 3326 754 3367 esset
772 3325 941 3366 makes
958 3325 998 3366 it
1018 3324 1171 3376 apply
1188 3325 1240 3366 in
1260 3325 1429 3376 Livy’s

424 3405 534 3436 own
559 3393 673 3444 day.
732 3392 822 3435 See
846 3403 912 3433 on
941 3393 1012 3434 18.
1040 3393 1084 3434 9.
1143 3390 1295 3442 quod
1325 3421 1339 3435 .
1368 3420 1383 3434 .
1413 3421 1427 3435 .

424 3460 651 3504 accidit:
734 3461 923 3510 During
962 3459 1026 3500 all
1069 3459 1154 3500 the
1193 3470 1335 3518 years
1376 3460 1428 3501 of

427 3530 510 3572 the
554 3528 649 3571 2nd
694 3528 848 3571 Punic
889 3537 989 3568 war
1033 3525 1285 3568 Hannibal
1326 3526 1425 3568 had

424 3600 478 3639 to
516 3597 758 3639 maintain
795 3593 989 3636 himself
1026 3594 1077 3635 in
1117 3592 1251 3644 Italy
1288 3604 1427 3645 prac-

428 3663 593 3714 tically
644 3660 984 3713 unsupported
1036 3661 1105 3710 by
1154 3659 1231 3702 his
1281 3659 1427 3703 home

424 3733 761 3783 government.

488 3801 537 3845 7.
570 3797 909 3851 sarisaeque:
954 3795 1052 3840 like
1082 3790 1184 3840 ‘the
1231 3795 1424 3840 Roman

1527 2785 1685 2829 round
1720 2787 1915 2837 clipeus,
1983 2787 2055 2829 Cf.
2091 2787 2136 2829 8.
2172 2788 2218 2829 8.
2253 2787 2299 2830 3.
2365 2786 2530 2829 vehe-

1530 2854 1803 2896 mentius:
1845 2853 2020 2896 “more
2058 2853 2337 2896 effective.''
2406 2853 2529 2897 ictu

1529 2922 1841 2972 missuque:
1870 2921 2160 2973 hendiadyS,
2194 2921 2279 2964 “in
2305 2921 2373 2964 its
2400 2921 2529 2964 blow

1526 2987 1668 3031 when
1692 2988 1916 3031 hurled.”

1591 3056 1638 3098 8.
1675 3057 1972 3100 statamus:
2001 3073 2044 3089 =
2071 3056 2271 3100 stabilis.
2429 3055 2530 3099 ma

1528 3122 1797 3173 phalanxz
1841 3123 1928 3166 the
1968 3123 2164 3165 famous
2207 3122 2529 3166 Macedonian

1527 3190 1744 3242 phalanx
1781 3189 1955 3233 lacked
1995 3189 2121 3232 both
2158 3191 2388 3243 mobility
2427 3189 2526 3233 and

1527 3268 1689 3309 power
1717 3259 1770 3299 to
1798 3269 1921 3308 vary
1948 3257 2014 3299 its
2041 3257 2228 3306 attack,
2259 3268 2315 3300 or
2340 3257 2530 3306 change

1528 3325 1659 3368 front
1683 3326 1734 3367 in
1757 3325 1844 3367 the
1866 3325 1972 3366 face
1994 3325 2046 3366 of
2069 3325 2154 3367 the
2176 3335 2368 3376 enemy.
2425 3324 2529 3367 The

1529 3392 1748 3435 Romans
1767 3391 1866 3434 had
1887 3391 2179 3434 abandoned
2203 3391 2289 3435 the
2308 3391 2527 3442 phalanx

1527 3462 1868 3509 arrangement
1901 3459 1976 3500 for
2007 3459 2094 3500 the
2125 3457 2355 3509 maniple.
2421 3457 2530 3500 dis-

1527 3526 1780 3569 tinctior:
1826 3525 1959 3567 “less
2001 3525 2282 3576 compact.”
2357 3525 2529 3575 parti-

1526 3594 1668 3636 enm:
1697 3604 1775 3635 see
1802 3603 1868 3634 on
1893 3591 2114 3640 intuenti,
2150 3593 2221 3635 17.
2251 3594 2297 3635 3.
2356 3592 2528 3636 esset:

1525 3661 1768 3702 iterative.

1586 3728 1636 3769 9.
1670 3728 1880 3770 victus:
1909 3744 1952 3759 ==
1979 3727 2025 3768 si
2045 3727 2194 3768 victus
2216 3727 2345 3769 esset.
2391 3727 2529 3770 cau-

1525 3794 1710 3841 dium:
1742 3795 1803 3839 cf.
1837 3796 1882 3840 9.
1920 3795 1990 3840 12.
2025 3796 2069 3838 4.
2137 3795 2380 3842 cannae:
2411 3793 2528 3840 here
