2925 4375
459 206 561 258 132
1372 204 1435 257 T.
1473 204 1632 258 LIVI
2293 206 2448 273 [XXX.
2491 210 2559 260 19

456 384 635 448 bitur
676 403 826 463 ager
866 384 1257 463 Campanus,
1304 384 1488 447 vobis
1531 386 1756 465 Capua
1797 386 1952 449 urbs
1993 386 2531 467 frequentabitur
2540 408 2556 465 ;

458 484 889 558 conditorum,
960 482 1351 562 parentium,
1403 484 1673 547 deorum
1743 485 2212 548 immortalium
2283 506 2558 550 numero

458 584 645 647 nobis
682 583 881 658 eritiS,
923 581 1101 645 nulla
1140 581 1392 645 colonia
1432 590 1651 647 vestra
1686 585 1831 660 erit,
1872 606 2042 666 quae
2079 606 2198 649 nos
2237 586 2557 667 obsequio

360 701 424 745 2ο
456 703 609 763 erga
672 703 787 745 vos
851 682 1106 761 fideque
1167 689 1447 761 superet.
1541 684 1846 760 Adnuite,
1894 691 2114 764 patres
2179 687 2554 766 conscripti,

460 790 695 846 nutum
732 801 1103 861 numenque
1140 788 1429 844 vestrum
1465 783 1786 846 invictum
1821 784 2190 863 CampaniS,
2227 792 2294 847 et
2331 786 2559 849 iubete

362 901 421 943 21
457 902 715 963 sperare
776 881 1165 945 incolumem
1231 882 1523 961 Capuam
1588 882 1899 946 futuram.
1991 883 2137 959 Qua
2186 884 2561 964 frequentia

460 982 753 1047 omnium
802 1001 1108 1061 generum
1160 981 1600 1044 multitudinis
1648 990 2078 1063 prosequente
2128 984 2390 1047 creditis
2439 1006 2560 1047 nos

461 1082 631 1145 illinc
672 1081 1033 1163 profectos?
1121 1080 1334 1156 Quam
1385 1082 1606 1144 omnia
1658 1089 1960 1145 votorum
2013 1083 2561 1165 lacrimarumque

462 1183 655 1262 plena
716 1181 1082 1262 reliquisse?
1169 1180 1248 1242 In
1312 1201 1446 1261 qua
1509 1203 1680 1245 nunc
1743 1184 2198 1263 expectatione
2249 1191 2560 1247 senatum

462 1282 905 1363 populumque
978 1282 1407 1360 Campanum,
1486 1283 1786 1361 coniuges
1861 1282 2221 1364 liberosque
2295 1291 2559 1347 nostros

366 1403 429 1445 22
461 1385 635 1446 esse?
721 1383 905 1445 Stare
938 1402 1199 1444 omnem
1245 1381 1736 1444 multitudinem
1781 1382 1863 1445 ad
1909 1390 2132 1463 portas
2177 1384 2353 1445 viam
2400 1385 2554 1447 hinc

464 1482 775 1545 ferentem
836 1488 1325 1560 prospectantes
1385 1488 1634 1543 certum
1683 1482 1910 1545 habeo.
2002 1482 2171 1558 Quid
2232 1482 2354 1547 illis
2414 1505 2557 1560 nOS,

464 1589 681 1661 patres
728 1581 1092 1661 conscripti,
1138 1580 1426 1645 sollicitis
1472 1602 1546 1643 ac
1591 1582 2025 1660 pendentibus
2071 1583 2271 1645 animi
2315 1604 2557 1647 renun-

367 1702 430 1745 23
464 1682 626 1745 tiare
684 1681 957 1745 iubetis?
1045 1679 1341 1744 Alterum
1402 1702 1782 1760 responsum
1842 1682 2142 1758 salutem,
2190 1683 2558 1760 victoriam,

466 1781 672 1844 lucem
740 1802 814 1843 ac
880 1780 1271 1857 libertatem,
1341 1780 1618 1844 alterum
1647 1816 1729 1825 —
1752 1782 2027 1845 ominari
2093 1783 2320 1846 horreo
2387 1802 2562 1863 quae

465 1881 657 1944 feratl
758 1881 1035 1944 Proinde
1090 1887 1167 1959 ut
1225 1887 1341 1944 aut
1398 1882 1480 1943 de
1538 1882 1768 1945 vestris
1825 1882 2062 1946 futuris
2117 1883 2306 1945 sociis
2357 1889 2562 1963 atque

466 1981 687 2045 amicis,²
730 1987 846 2044 aut
882 2001 1211 2062 *nusquam
1253 1980 1397 2043 ullis
1438 1981 1676 2044 futuris
1717 1982 1902 2045 nobis
1944 1982 2300 2045 consulite.'

403 2101 426 2143 1
589 2081 849 2143 XXXI.
898 2081 1231 2144 Submotis
1284 2080 1518 2143 deinde
1573 2080 1800 2160 legatis
1845 2102 2016 2160 cum¹
2038 2082 2372 2146 consultus
2415 2102 2564 2146 sen-

468 2187 616 2244 atus
669 2188 857 2257 esset,
916 2180 1039 2244 etsi
1097 2201 1371 2260 magnae
1424 2180 1598 2261 parti
1655 2182 1808 2246 urbs
1857 2183 2153 2246 'maxima
2204 2181 2564 2262 opulentis-

466 2281 761 2361 simaque
803 2281 1053 2356 Italiae,
1098 2281 1461 2344 uberrimus
1505 2301 1654 2360 ager
1695 2283 1988 2362 marique
2028 2283 2432 2363 propinquus
2475 2283 2561 2346 ad

468 2381 819 2444 varietates
873 2401 1169 2444 annonae
1223 2381 1524 2443 horreum
1578 2381 1800 2460 populi
1857 2382 2140 2446 Romani
2193 2382 2328 2446 fore
2383 2383 2564 2446 vide-

467 2480 681 2556 batur,
725 2488 948 2544 tamen
987 2487 1181 2543 tanta
1218 2480 1506 2543 utilitate
1544 2481 1704 2544 fides
1737 2471 2072 2562 ‘antiquior
2110 2482 2254 2558 fuit,
2297 2503 2563 2562 respon-

404 2602 436 2645 2
467 2580 695 2660 ditque
747 2581 842 2643 ita
892 2602 974 2644 ex
1027 2581 1419 2643 auctoritate
1471 2587 1737 2644 senatus
1789 2582 2037 2644 consul:
2091 2583 2364 2646 ‘auxilio
2417 2603 2556 2658 VOS,

467 2681 801 2760 Campani,
840 2681 1067 2759 dignos
1105 2687 1323 2743 censet
1357 2686 1642 2755 senatus,
1681 2681 1794 2743 sed
1828 2682 1926 2745 ita
1961 2682 2301 2744 vobiscum
2339 2682 2562 2745 amici-

468 2780 631 2843 tiam
660 2780 916 2843 institui
945 2791 1063 2859 par
1091 2786 1208 2855 est,
1241 2800 1322 2843 ne
1351 2800 1484 2859 qua
1512 2781 1834 2843 vetustior
1861 2782 2149 2844 amicitia
2179 2803 2252 2844 ac
2281 2782 2560 2844 societas

468 2879 762 2942 violetur.
854 2881 1176 2942 Samnites
1211 2879 1550 2942 nobiscum
1585 2879 1841 2943 foedere
1875 2881 2080 2944 iuncti
2113 2887 2294 2957 sunt;
2330 2881 2556 2960 itaque

469 3000 668 3054 arma,
738 2980 891 3042 deos
960 2980 1135 3057 prius
1204 3000 1402 3059 quam
1473 2980 1764 3042 homines
1833 2980 2176 3054 violatura,
2249 2980 2561 3042 adversus

531 3133 612 3174 2ο.
646 3131 893 3176 Adnuite
936 3160 950 3174 .
995 3161 1008 3174 .
1054 3161 1067 3174 .
1108 3130 1322 3174 nutum
1361 3138 1465 3174 nu-
1567 3129 1825 3174 Samnites,

468 3206 735 3248 menque:
758 3209 823 3240 an
846 3199 953 3249 epic
974 3199 1128 3249 flaura
1150 3199 1462 3248 etvmolom'ca,
1629 3197 1825 3240 XXXI.
1861 3199 1910 3241 1.
1943 3198 2015 3242 ad
2075 3199 2390 3241 ‘varietates
2466 3205 2564 3241 an·

467 3266 587 3309 with
652 3265 834 3317 speedy
898 3266 1200 3315 recognition
1264 3265 1315 3306 of
1380 3265 1466 3308 the
1566 3273 1771 3308 nonae:
1823 3265 1917 3308 “to
1965 3268 2094 3308 meet
2144 3265 2463 3308 fluctuations
2510 3265 2560 3306 in

468 3333 689 3376 Romans
720 3342 775 3374 as
806 3331 857 3374 ln
888 3342 1083 3373 numero
1113 3332 1305 3374 deorum
1343 3331 1461 3381 (19).
1567 3331 1890 3382 provisions.”
1941 3331 2106 3374 tanta
2129 3359 2142 3374 .
2167 3359 2180 3374 .
2204 3359 2218 3374 .
2236 3330 2374 3374 tuit:
2396 3331 2564 3373 “their

529 3401 610 3442 22.
690 3398 1132 3450 prospectantes:
1230 3397 1465 3449 “eagerly
1565 3409 1703 3441 sense
1723 3399 1774 3440 of
1794 3397 1950 3440 honor
1969 3409 2070 3440 was
2091 3401 2312 3448 stronger
2333 3397 2457 3439 than
2478 3396 2564 3439 the

466 3465 756 3515 scanning;”
814 3465 878 3507 ad
934 3475 1125 3507 sensum
1182 3469 1463 3514 agreement
1565 3465 1924 3507 consideration
1955 3465 2008 3506 of
2039 3467 2174 3514 great
2209 3463 2562 3515 expediency.”

467 3533 587 3576 with
643 3532 909 3575 multitudo,
1001 3531 1178 3574 Others
1235 3535 1464 3574 construe
1566 3531 1820 3581 Antiquior
1866 3530 2146 3581 frequently
2193 3530 2384 3581 implies
2449 3529 2562 3574 that

464 3600 587 3643 wlth
614 3601 787 3650 portas.
849 3599 1053 3642 animi:
1081 3598 1309 3642 locative.
1563 3599 1648 3642 the
1697 3598 1840 3649 thing
1887 3597 2048 3640 which
2096 3597 2187 3639 has
2236 3596 2469 3640 survive-d
2519 3598 2565 3638 is

528 3667 609 3708 23.
643 3666 901 3710 l’roinde:
958 3677 1037 3708 see
1092 3675 1157 3707 on
1217 3666 1259 3709 1.
1316 3665 1361 3708 9.
1415 3667 1460 3708 4.
1562 3666 1739 3709 better.

467 3739 753 3782 nusquam
783 3761 797 3775 .
829 3761 843 3775 .
876 3761 888 3774 .
915 3731 1150 3775 tuturis:
1176 3731 1255 3775 Le.
1280 3731 1461 3774 refusal
1624 3733 1673 3775 2.
1708 3731 1860 3775 deos:
1925 3741 1981 3774 as
2043 3731 2294 3776 witnesses
2359 3729 2412 3772 of
2476 3728 2564 3774 the

467 3801 633 3841 meant
690 3797 817 3842 their
872 3797 1195 3840 annihilation
1252 3798 1321 3850 by
1377 3797 1461 3841 the
1563 3801 1742 3850 treaty.
1803 3798 1875 3842 Cf.
1903 3798 1948 3843 9.
1981 3799 2021 3843 1.
2051 3799 2095 3843 7.
