2925 4375
523 218 596 271 66
1431 216 1500 271 T.
1535 214 1697 271 LIVI
2434 214 2553 281 [liii.
2598 220 2639 271 3

523 397 771 478 templi,
799 418 966 479 quae
989 397 1187 477 digna
1209 396 1406 461 deum
1431 397 1902 478 hominumque
1926 416 2093 478 rege,
2121 416 2289 478 quae
2316 398 2633 477 Romano

522 497 813 578 imperio,
862 518 1030 579 quae
1075 497 1279 576 ipsius
1323 498 1528 561 etiarn
1572 498 1696 560 loci
1743 497 2087 559 maiestate
2120 504 2308 560 esset.
2398 499 2633 578 Capti-

522 618 677 660 vam
732 597 1077 676 pecuniam
1131 597 1202 659 in
1255 597 1776 660 aedificationem
1830 596 1969 658 eius
2023 596 2251 676 templi
2305 598 2622 677 seposuit.

648 697 926 776 Excepit
967 696 1203 760 deinde
1244 716 1394 760 eum
1437 696 1677 759 lentius
1719 714 1833 774 spe
1877 695 2137 771 bellum,
2181 716 2311 776 quo
2354 697 2622 773 Gabios,

521 795 960 878 propinquam
1011 797 1263 873 urbem,
1321 797 1720 877 nequiquam
1776 794 1843 856 vi
1898 794 2187 870 adortuS,
2245 815 2395 858 cum
2446 797 2625 860 obsi-

520 896 718 959 dendi
773 916 1033 977 quoque
1087 897 1317 959 urbem
1373 915 1521 975 spes
1574 895 1761 975 pulso
1816 915 1857 957 a
1912 894 2251 957 moenibus
2306 896 2623 975 adempta

519 1004 707 1074 esset,
761 1004 1092 1076 postremo
1145 996 1408 1059 minime
1461 1003 1602 1059 arte
1656 996 1975 1070 Romana,
2031 994 2260 1057 fraude
2311 1015 2387 1058 ac
2438 995 2613 1081 dolo,

519 1096 856 1175 adgressus
917 1104 1036 1159 est.
1146 1097 1318 1159 Nam
1381 1115 1551 1173 cum,
1605 1094 1787 1158 velut
1848 1094 2065 1173 posito
2129 1094 2315 1172 bello,
2380 1095 2619 1158 funda-

435 1276 440 1285 ·
520 1196 758 1259 mentis
802 1196 1032 1275 templi
1074 1196 1381 1259 iaciendis
1427 1195 1696 1275 aliisque
1739 1194 2007 1257 urbanis
2052 1194 2357 1274 operibus
2400 1195 2617 1258 inten-

423 1514 482 1556 10

422 1713 478 1756 11

519 1303 663 1359 tum
713 1316 780 1357 se
829 1316 966 1358 esse
1015 1296 1368 1370 simularet,
1423 1296 1663 1358 Sextus
1712 1293 1881 1355 filius
1930 1294 2089 1370 eiuS,
2143 1294 2256 1376 qui
2307 1294 2617 1357 minimus

517 1414 600 1457 ex
652 1396 862 1459 tribus
913 1402 1074 1471 erat,
1131 1395 1483 1474 transfugit
1535 1414 1617 1456 ex
1669 1394 2031 1473 composito
2086 1393 2347 1471 Gabios,
2408 1396 2617 1474 patris

517 1495 584 1557 in
634 1515 701 1557 se
750 1496 1094 1558 saevitiam
1142 1493 1618 1558 intolerabilem
1668 1513 2087 1573 conquerens
2187 1494 2474 1573 Benigne
2526 1495 2615 1557 ab

519 1594 788 1657 Gabinis
845 1595 1185 1675 excipitur.
1290 1594 1536 1657 Vetant
1598 1593 1835 1669 mirari,
1896 1593 1971 1669 si,
2021 1593 2230 1673 qualis
2287 1594 2356 1655 in
2417 1594 2609 1671 cives,

517 1694 728 1773 qualis
768 1695 837 1756 in
877 1696 1101 1770 sociOS,
1147 1695 1297 1757 talis
1338 1694 1420 1756 ad
1461 1693 1771 1756 ultimum
1811 1692 1880 1755 in
1920 1692 2155 1755 liberos
2194 1700 2391 1770 esset;
2432 1694 2500 1756 in
2542 1714 2612 1757 se

516 1794 731 1872 ipsum
788 1802 1116 1873 postremo
1174 1794 1599 1869 saeviturum,
1658 1793 1713 1853 si
1770 1791 1904 1855 alia*
1951 1791 2185 1855 desint.
2275 1793 2412 1856 Sibi
2457 1814 2611 1857 vero

517 1901 777 1971 gratum
827 1894 1186 1956 adventum
1233 1894 1369 1955 eius
1415 1912 1572 1967 esse,
1623 1892 2053 1973 futurumque
2100 1892 2356 1955 credere
2405 1894 2607 1970 brevi,

514 1999 594 2056 ut
637 1992 743 2055 illo
789 1993 1143 2056 adiuvante
1188 2015 1227 2056 a
1269 1993 1476 2072 portis
1520 1991 1790 2055 Gabinis
1833 1991 1957 2053 sub
2004 1992 2307 2055 Romana
2351 1994 2611 2057 moenia

517 2091 757 2153 bellum
799 2093 1244 2155 transferatur.

642 2193 809 2255 LIV.
850 2193 1012 2256 Inde
1035 2193 1102 2256 in
1125 2192 1389 2256 consilia
1409 2191 1673 2272 publica
1692 2191 2004 2254 adhiberi.
2056 2193 2189 2256 Ubi
2206 2213 2357 2255 curn
2372 2194 2454 2256 de
2473 2194 2613 2260 aliis

515 2290 708 2355 rebus
750 2291 1072 2356 adsentire
1113 2313 1181 2356 se
1225 2293 1554 2355 veteribus
1596 2292 1868 2356 Gabinis
1908 2291 2173 2369 diceret,
2219 2295 2457 2374 quibus
2497 2316 2611 2358 eae

517 2392 802 2455 notiores
851 2400 1084 2469 essent,
1139 2392 1275 2472 ipse
1325 2391 1685 2454 identidem
1737 2391 1886 2453 belli
1938 2400 2168 2456 auctor
2218 2413 2375 2470 esse,
2426 2402 2496 2458 et
2546 2395 2613 2458 in

516 2512 592 2554 eo
653 2491 778 2556 sibi
838 2493 1255 2572 praecipuam
1317 2491 1737 2571 prudentiam
1800 2491 2161 2570 adsumere,
2212 2494 2389 2574 quod
2450 2495 2612 2558 utri-

515 2611 722 2672 usque
745 2591 970 2672 populi
992 2592 1159 2655 vires
1187 2598 1425 2668 nosset,
1445 2591 1769 2671 sciretque
1786 2591 2067 2656 invisam
2083 2593 2377 2673 profecto
2394 2614 2613 2675 super-

517 2691 694 2754 biam
739 2692 982 2770 regiam
1029 2692 1280 2755 civibus
1324 2711 1483 2768 esse,
1532 2711 1734 2770 quam
1780 2691 1945 2753 ferre
1992 2711 2073 2754 ne
2119 2692 2301 2755 liberi
2347 2695 2613 2775 quidem

515 2791 900 2870 potuissent.
991 2791 1099 2855 Ita
1158 2812 1307 2853 curn
1366 2791 1606 2855 sensim
1666 2790 1751 2853 ad
1810 2791 2258 2855 rebellandum
2300 2793 2613 2873 primores

516 2891 918 2954 Gabinorum
971 2891 1293 2968 incitaret,
1350 2891 1487 2970 ipse
1540 2910 1691 2952 cum
1744 2892 2249 2970 promptissimis
2300 2893 2612 2957 iuvenum

515 2991 905 3070 praedatum
945 2999 1144 3071 atque
1182 2991 1249 3053 in
1286 2990 1737 3070 expeditiones
1772 2990 1916 3067 iret,
1957 2999 2025 3054 et
2063 2991 2255 3055 dictis
2292 2993 2613 3075 factisque

514 3091 816 3153 omnibus
860 3091 941 3154 ad
987 3092 1343 3154 fallendum
1387 3090 1723 3153 instructis
1767 3110 1942 3153 vana
1985 3090 2386 3156 adcresceret
2429 3094 2607 3170 fides,

513 3341 775 3385 historians
804 3342 913 3385 who
936 3347 1087 3386 wrote
1115 3346 1165 3388 in
1190 3343 1360 3388 Greek.
1423 3343 1512 3386 See
1615 3344 1740 3388 lates
1774 3344 1861 3388 the
1882 3345 2089 3389 'natural
2119 3341 2271 3391 direct
2304 3347 2408 3391 noli
2427 3350 2611 3394 mirari.

515 3410 704 3453 Introd.
729 3413 824 3454 ΙΙΙ.
1676 3414 1752 3457 11.
1789 3413 1933 3457 elus:
1962 3431 2005 3446 =
2033 3414 2178 3457 Sexti.

575 3478 626 3519 4.
660 3485 778 3528 spe:
810 3496 851 3509 =
879 3488 1019 3527 quam
1069 3480 1352 3528 speraverat:
1401 3479 1511 3520 bra·
1675 3479 1801 3522 LIV.
1859 3480 1906 3522 1.
1961 3480 2236 3524 adhiberi:
2297 3481 2413 3525 hist.
2475 3485 2611 3528 infin.

514 3544 739 3595 chylogy.
797 3544 982 3595 pulso:
1006 3555 1071 3587 sc.
1102 3546 1375 3596 Tarquinio.
1423 3547 1511 3590 See
1612 3547 1713 3588 The
1753 3548 2004 3590 narrative
2044 3548 2085 3590 is
2126 3548 2261 3590 vivid
2306 3550 2611 3600 throughout

514 3622 577 3653 on
614 3611 858 3661 Romanis,
901 3613 970 3654 12.
1007 3613 1051 3653 5.
1118 3613 1354 3655 minime
1392 3643 1405 3655 .
1445 3643 1457 3655 .
1498 3644 1510 3656 .
1613 3614 1697 3656 the
1736 3614 1954 3665 chapter.
2029 3615 2180 3665 quod
2224 3645 2237 3658 .
2282 3645 2296 3658 .
2341 3645 2355 3658 .
2396 3619 2611 3662 nosset:

513 3680 790 3723 Romana:
858 3682 976 3721 note
1045 3679 1212 3730 Livy’s
1279 3681 1511 3731 patriotic
1613 3682 1872 3730 “because‚
1924 3692 1978 3724 as
2024 3681 2086 3724 he
2132 3682 2354 3732 claimed,
2404 3683 2467 3727 he
2512 3695 2615 3730 was

513 3747 644 3788 tone.
1610 3749 1906 3797 acquainted
1936 3749 2107 3791 with.'’

578 3812 658 3856 10.
692 3812 898 3859 vetant
948 3812 1163 3856 mirari:
1213 3813 1312 3858 this
1351 3817 1511 3858 trans·
1671 3817 1721 3858 2.
1755 3824 1928 3860 vana:
1960 3815 2319 3870 “misplaced.”
