2925 4375
481 238 581 289 142
1395 236 1459 291 T.
1498 235 1657 291 LIVI
2408 234 2503 300 [iii.
2537 236 2574 291 8

476 422 701 480 tamen
753 436 1071 480 consensu
1120 415 1415 479 omnium
1469 415 1683 479 victus
1734 423 1854 493 est,
1910 424 1986 479 ut
2038 417 2252 496 ipsum
2304 417 2372 480 in
2425 438 2572 479 con-

412 529 442 570 9
477 514 692 578 silium
742 516 996 579 acciret.
1088 515 1221 578 Nec
1273 524 1583 595 gravatus
1638 536 1835 579 senex
1889 516 2179 595 plaustro
2237 516 2304 578 in
2361 524 2571 579 castra

477 614 718 678 dicitur
790 616 1106 679 advectus
1180 623 1583 695 vocatusque
1656 616 1722 678 in
1795 615 2132 677 consilium
2205 616 2301 678 ita
2374 616 2570 679 ferme

478 714 733 777 locutus
788 734 946 788 esse,
1005 721 1081 777 ut
1136 713 1296 778 nihil
1352 716 1714 777 sententiae
1769 736 1923 777 suae
1981 722 2286 789 mutaret,
2347 736 2569 779 causas

382 829 441 871 10
478 820 743 876 tantum
812 814 1122 877 adiceret:
1250 816 1459 893 priore
1524 835 1590 875 se
1657 814 1938 889 consili0,
2008 815 2181 893 quod
2247 815 2567 893 optimum

478 913 762 989 duceret,
839 934 988 975 cum
1061 914 1518 993 potentissimo
1590 914 1830 993 populo
1904 934 2017 992 per
2087 916 2312 992 ingens
2384 915 2571 977 bene-

479 1013 696 1074 ficium
754 1020 1139 1092 perpetuam
1197 1014 1453 1075 firmare
1513 1033 1738 1091 pacem
1800 1014 2283 1092 amicitiamque
2295 1034 2311 1088 ;
2371 1014 2568 1077 altero

478 1112 741 1174 consilio
784 1112 853 1173 in
896 1112 1138 1175 multas
1182 1118 1451 1187 aetateS,
1500 1113 1756 1191 quibUS,
1804 1113 2054 1175 amissis
2097 1113 2354 1177 duobus
2394 1134 2569 1176 exer-

477 1212 734 1287 citibuS‚
791 1212 965 1273 haud
1020 1211 1207 1273 facile
1259 1219 1600 1291 receptura
1653 1212 1820 1275 vires
1875 1214 2176 1275 Romana
2227 1234 2326 1275 res
2378 1219 2564 1289 esset,

381 1328 435 1369 11
477 1310 717 1373 bellum
782 1311 1036 1373 differre
1047 1332 1063 1386 ;
1126 1312 1395 1373 tertium
1460 1310 1713 1373 nullum
1777 1310 2114 1375 consilium
2161 1332 2317 1374 esse.
2408 1314 2567 1375 Cum

478 1410 645 1473 filius
680 1395 915 1491 aliique
949 1411 1269 1490 principes
1304 1410 1792 1490 percunctando
1824 1418 2350 1492 exsequerentur,
2389 1412 2564 1493 quid,

475 1510 529 1573 si
599 1510 815 1573 media
881 1511 993 1573 via
1062 1510 1307 1573 consilii
1342 1517 1734 1589 ‘caperetur,
1805 1516 1882 1573 ut
1949 1517 2017 1573 et
2085 1510 2569 1574 dimitterentur

474 1609 830 1673 incolumes
891 1617 959 1673 et
1023 1609 1189 1689 leges
1252 1611 1328 1672 iis
1391 1611 1528 1671 iure
1591 1610 1740 1672 belli
1803 1610 1993 1673 victis
2055 1610 2566 1689 imponerentur:

381 1726 441 1769 12
478 1710 636 1771 ‘ista
666 1710 929 1789 quidem
960 1711 1313 1772 sententia'
1348 1709 1565 1789 inquit
1599 1711 1706 1772 ‘ea
1734 1716 1854 1785 est,
1888 1730 2056 1790 quae
2086 1729 2296 1789 neque
2330 1711 2568 1773 amicos

476 1815 666 1887 parat
702 1830 817 1871 nec
854 1809 1147 1872 inimicos
1184 1808 1375 1872 tollit.
1469 1810 1736 1872 Servate
1775 1808 1988 1883 modo,
2017 1829 2180 1889 quos
2216 1809 2570 1888 ignominia

474 1908 921 1971 inritaveritis:
998 1929 1077 1971 ea
1114 1916 1213 1972 est
1257 1910 1559 1973 Romana
1599 1929 1771 1989 genS,
1815 1930 1980 1990 quae
2022 1908 2202 1971 victa
2241 1910 2566 1989 quiescere

379 2027 439 2069 13
475 2008 738 2071 nesciat.
829 2008 1025 2071 Vivet
1069 2029 1322 2088 semper
1379 2009 1446 2071 in
1504 2009 1872 2088 pectoribus
1931 2008 2185 2072 illorum
2245 2010 2562 2091 quidquid

476 2108 641 2171 istuc
692 2129 993 2188 praesens
1044 2109 1391 2172 necessitas
1442 2109 1762 2184 inusserit,
1816 2129 1932 2171 nec
1981 2129 2091 2172 eos
2143 2115 2294 2172 ante
2347 2108 2565 2172 multi-

474 2208 671 2289 plices
708 2230 950 2290 poenas
987 2211 1315 2289 expetitas
1354 2230 1394 2272 a
1433 2209 1618 2272 vobis
1659 2210 1981 2289 quiescere
2019 2211 2230 2273 sinet.’
2396 2198 2399 2202 ³

412 2329 435 2370 1
601 2310 711 2371 IV.
766 2311 1012 2372 Neutra
1062 2310 1391 2372 sententia
1444 2316 1731 2388 accepta,
1789 2311 2153 2394 Herennius
2206 2311 2477 2374 domum
2531 2332 2566 2373 e

474 2409 700 2472 castris
744 2416 844 2472 est
892 2416 1177 2472 avectus.
1248 2411 1334 2472 Et
1380 2410 1447 2470 in
1493 2409 1721 2472 castris
1768 2410 2082 2472 Romanis
2129 2431 2278 2472 cum
2323 2410 2568 2474 frustra

476 2508 665 2571 multi
730 2515 1003 2572 conatus
1071 2510 1152 2572 ad
1217 2509 1694 2588 erumpendum
1761 2509 1936 2588 capti
2000 2516 2234 2584 essent,
2302 2516 2370 2572 et
2434 2511 2566 2572 iam

408 2627 440 2670 2
472 2609 765 2671 omnium
831 2629 1044 2671 rerum
1112 2609 1332 2687 inopia
1393 2615 1582 2684 esset,
1651 2608 1808 2671 victi
1872 2610 2254 2673 necessitate
2319 2609 2566 2688 legatos

475 2708 771 2783 mittunt,
816 2708 928 2787 qui
968 2709 1252 2787 primum
1294 2729 1522 2789 pacem
1566 2729 1841 2788 aequam
1881 2715 2177 2787 peterent
2189 2731 2204 2785 ;
2243 2709 2297 2772 si
2336 2730 2564 2789 pacem

406 2827 439 2870 3
473 2828 603 2870 non
676 2809 1121 2887 impetrarent,
1200 2809 1298 2871 uti
1370 2815 1800 2887 provocarent
1859 2809 1940 2871 ad
1999 2828 2305 2888 pugnam.
2396 2811 2564 2871 Tum

375 2905 379 2911 ⁴
475 2909 747 2970 Pontius
789 2907 1189 2970 debellatum
1229 2929 1364 2970 esse
1404 2908 1759 2986 respondit,
1801 2915 1887 2983 et,
1932 2908 2243 2987 quoniam
2285 2929 2366 2971 ne
2408 2909 2564 2972 victi

474 3008 736 3087 quidem
792 3029 864 3070 ac
919 3008 1094 3086 capti
1148 3009 1481 3071 fortunam
1534 3008 1725 3070 fateri
1777 3008 2033 3082 scirent,
2087 3008 2362 3072 inermes
2415 3029 2564 3071 cum

470 3107 737 3183 singulis
803 3107 1211 3170 vestimentis
1276 3109 1399 3169 sub
1463 3108 1687 3186 iugum
1755 3109 2127 3185 missurum;
2195 3107 2350 3172 alias
2415 3129 2566 3172 con-

531 3293 581 3336 ⁹.
614 3295 722 3338 Nee
768 3293 1061 3344 gravatus:
1108 3293 1358 3335 “without
1398 3304 1471 3335 re·
1569 3305 1692 3344 your
1723 3294 1936 3336 demand
1970 3294 2057 3337 the
2087 3294 2371 3338 immediate
2403 3307 2565 3339 neces-

470 3360 769 3402 sentment.''
1568 3362 1666 3411 sity
1699 3361 1820 3403 shall
1853 3361 2009 3404 brand
2043 3373 2175 3412 upon
2209 3361 2398 3410 them;’'
2451 3363 2565 3406 sub-

534 3428 612 3468 10.
647 3426 895 3473 firmare:
937 3425 1182 3469 differre:
1224 3427 1468 3468 conative.
1566 3427 1662 3476 ject
1695 3428 1746 3469 of
1774 3429 1904 3470 vivet.

470 3492 701 3544 quibus:
730 3504 809 3535 see
837 3503 901 3534 on
936 3494 974 3534 1.
1006 3495 1081 3534 29.
1112 3494 1155 3534 6.
1632 3494 1716 3536 IV.
1754 3495 1801 3536 1.
1833 3495 2170 3538 Herennius:
2251 3495 2376 3546 Livy
2453 3507 2564 3539 uses

534 3560 612 3602 11.
645 3558 817 3610 leges:
850 3559 1219 3601 “conditions.”
1569 3560 1667 3602 this
1695 3561 1878 3610 foreign
1905 3572 2201 3612 praenomen
2234 3562 2297 3610 (3.
2325 3561 2377 3611 4)
2405 3561 2559 3612 alone.

534 3627 611 3667 12.
648 3634 791 3676 quae
824 3655 837 3668 .
872 3656 883 3667 .
920 3655 931 3667 .
961 3625 1136 3668 tollit:
1166 3637 1244 3668 see
1271 3637 1335 3667 on
1363 3636 1466 3676 quo,
1567 3627 1776 3669 because
1796 3628 1832 3669 it
1855 3638 1954 3668 was
1976 3628 2077 3669 also
2099 3639 2128 3669 a
2150 3629 2345 3670 Roman
2365 3639 2558 3672 nomen.

470 3693 515 3736 2.
539 3694 613 3734 32.
644 3693 714 3734 11.
759 3692 982 3737 Servate
1015 3693 1206 3735 modo:
1250 3692 1472 3745 strongly
1570 3693 1646 3735 He
1661 3693 1820 3738 would
1834 3698 1919 3736 not
1933 3694 2347 3746 say“Gaius''for
2360 3695 2558 3744 theson.

468 3759 685 3804 ironical.
1630 3762 1679 3802 3.
1714 3760 2059 3804 debeuatum
2103 3769 2244 3804 ene:
2292 3761 2418 3804 ’‘the
2463 3772 2560 3804 war

534 3826 613 3871 18.
648 3826 939 3881 quidquid,
966 3829 1083 3871 etc:
1106 3825 1395 3869 “whatever
1416 3837 1470 3870 as
1567 3837 1666 3871 was
1691 3829 1861 3876 over;''
1887 3829 1942 3871 de
1966 3829 2006 3872 is
2031 3829 2287 3872 intensive.
