2925 4375
493 184 629 238 xliv.
666 184 719 250 4]
1377 186 1616 239 LIBER
1652 184 1703 240 V
2490 186 2591 238 121

496 386 733 443 arcem,
774 371 851 429 ut
890 364 1345 429 obsidentibus
1386 365 1792 429 frumentum
1832 364 2251 447 populatores
2292 387 2592 445 agrorum

404 534 409 539 ,
496 467 900 545 praeberent.
1675 544 1678 549 Ι

430 581 462 624 6
621 565 1108 627 Proficiscentes
1162 564 1379 627 Gallos
1434 565 1518 628 ab
1571 565 1731 629 urbe
1785 564 1866 629 ad
1922 565 2293 629 Romanam
2345 568 2597 647 experi-

495 664 733 728 endam
803 666 1117 727 virtutem
1187 664 1453 727 fortuna
1520 652 1663 744 ipsa
1729 664 2035 741 Ardeam,
2106 665 2219 727 ubi
2287 665 2597 729 Camillus

433 781 460 823 7
496 763 860 839 exsulabat,
902 763 1093 826 duxit
1104 785 1120 840 ς
1161 764 1274 844 qui
1313 764 1622 827 maestior
1659 764 1749 825 ibi
1786 763 2056 826 fortuna
2092 763 2357 844 publica
2394 786 2595 846 quam

496 885 617 927 sua
659 883 808 926 cum
851 862 953 927 dis
995 864 1496 943 hominibusque
1541 862 1922 927 accusandis
1963 870 2343 939 senesceret,
2390 864 2598 943 indig—
2667 854 2686 881 ⁷'

498 963 716 1026 nando
761 961 1205 1043 mirandoque,
1251 962 1366 1024 ubi
1407 961 1498 1023 illi
1540 962 1664 1025 viri
1703 968 1939 1039 essent,
1985 963 2099 1043 qui
2139 983 2360 1025 secum
2404 964 2595 1026 Veios

500 1062 913 1143 Faleriosque
948 1063 1289 1143 cepissent,
1327 1062 1440 1143 qui
1476 1062 1603 1125 alia
1636 1061 1807 1125 bella
1838 1062 2072 1125 fortius
2105 1083 2361 1142 semper
2397 1084 2594 1144 quam

433 1180 465 1221 8
499 1162 747 1225 felicius
815 1163 1177 1241 gessissent,
1248 1168 1515 1242 repente
1584 1162 1768 1225 audit
1836 1161 2170 1225 Gallorum
2237 1163 2596 1225 exercitum

500 1260 857 1326 adventare
925 1268 1123 1342 atque
1190 1262 1271 1324 de
1337 1282 1414 1324 eo
1481 1262 1757 1341 pavidos
1822 1262 2139 1325 Ardeates
2206 1261 2592 1325 consultare.

502 1361 634 1425 Nec
662 1382 845 1424 secus
884 1381 1084 1441 quam
1122 1361 1345 1424 divino
1383 1362 1618 1441 spiritu
1657 1368 1875 1425 tactus
1914 1382 2062 1425 cum
2101 1381 2169 1425 se
2208 1362 2275 1423 in
2314 1360 2597 1425 mediam

502 1462 871 1523 contionem
918 1460 1264 1536 intulisset,
1316 1460 1640 1524 abstinere
1685 1469 1911 1524 suetus
1959 1469 2112 1525 ante
2158 1461 2401 1525 talibus
2449 1483 2599 1524 con-

436 1580 463 1622 1
502 1559 679 1636 ciliis,
729 1560 966 1622 XLIV.
1074 1560 1475 1636 ‘Ardeates,'
1511 1560 1760 1641 inquit,
1825 1563 2106 1624 ‘veteres
2168 1562 2378 1637 amici,
2443 1562 2598 1624 novi

501 1661 702 1723 etiam
771 1660 941 1723 cives
1010 1661 1154 1735 mei,
1225 1659 1490 1741 quando
1555 1666 1624 1723 et
1691 1668 1983 1724 vestrum
2050 1662 2436 1724 beneficium
2504 1662 2600 1725 ita

505 1759 655 1823 tulit
710 1766 777 1822 et
833 1760 1099 1822 fortuna
1144 1760 1272 1843 ‘hoc
1326 1760 1506 1838 eguit
1561 1780 1725 1837 mea,
1784 1781 1975 1823 nemo
2032 1767 2322 1824 vestrum
2380 1760 2600 1823 condi-

504 1860 704 1923 cionis
753 1879 934 1921 meae
982 1858 1262 1922 oblitum
1310 1880 1414 1922 me
1464 1860 1591 1921 huc
1640 1860 2022 1941 processisse
2069 1866 2290 1941 putet;
2337 1861 2450 1924 sed
2500 1881 2599 1924 res

505 1980 578 2022 ac
639 1979 983 2022 commune
1040 1958 1401 2039 periculum
1461 1959 1635 2039 cogit
1695 1960 1868 2040 quod
1931 1960 2207 2040 quisque
2266 1961 2472 2041 possit
2533 1961 2598 2022 in

439 2078 470 2119 2
502 2078 569 2121 re
609 2059 867 2139 trepida
900 2058 1205 2140 praesidii
1243 2059 1310 2121 in
1348 2058 1639 2121 medium
1678 2059 1984 2121 conferre.
2071 2062 2158 2123 Et
2186 2060 2454 2140 quando
2481 2080 2600 2140 ego

505 2159 690 2222 vobis
733 2178 850 2240 pro
895 2158 1101 2223 tantis
1145 2158 1379 2222 vestris
1422 2159 1491 2222 in
1536 2179 1638 2222 me
1686 2159 1931 2222 meritis
1976 2160 2255 2239 gratiam
2299 2159 2596 2236 referam,

502 2259 556 2322 si
605 2279 776 2320 nunc
827 2262 1199 2322 cessavero?
1284 2260 1418 2321 Aut
1454 2259 1569 2321 ubi
1618 2280 1774 2322 usus
1821 2260 1944 2322 erit
1994 2259 2122 2322 mei
2172 2259 2379 2337 vobis,
2431 2261 2484 2322 si
2533 2261 2599 2322 in

504 2358 670 2421 bello
721 2380 854 2422 non
904 2359 1136 2421 fuerit?
1223 2359 1365 2421 Hac
1418 2365 1558 2422 arte
1606 2359 1675 2421 in
1724 2359 1940 2439 patria
1987 2359 2163 2437 steti,
2199 2364 2271 2423 et
2314 2359 2599 2422 invictus

438 2478 470 2519 3
503 2457 670 2521 bello
731 2460 800 2522 in
859 2478 1019 2539 pace
1082 2459 1166 2521 ab
1226 2458 1498 2538 ingratis
1560 2459 1810 2521 civibus
1858 2458 2084 2538 pulsus
2141 2479 2310 2524 sum.
2399 2460 2600 2522 Vobis

504 2564 748 2635 autem,
790 2557 1129 2634 Ardeates,
1169 2558 1436 2622 fortuna
1472 2557 1698 2621 oblata
1734 2563 1834 2620 est
1871 2564 1952 2644 et*
1974 2578 2094 2640 pro
2132 2559 2338 2623 tantis
2376 2558 2599 2640 populi
2656 2619 2663 2626 .

506 2658 788 2722 Romani
843 2658 1191 2734 beneficiis,
1250 2663 1504 2740 quanta
1556 2657 1679 2737 ipsi
1736 2658 2122 2722 meministis
2147 2694 2230 2704 —
2252 2679 2369 2722 nec
2426 2659 2599 2722 enim

503 2757 959 2837 exprobranda
1018 2758 1195 2839 apud.
1256 2777 1572 2821 memores
1631 2764 1788 2821 sunt
1813 2791 1898 2802 -—-
1920 2758 2166 2838 gratiae
2227 2757 2601 2820 referendae

502 2862 570 2919 et
613 2857 763 2920 huic
808 2857 953 2920 urbi
996 2857 1193 2922 decus
1235 2857 1461 2938 ingens
1504 2856 1654 2921 belli
1697 2879 1779 2921 ex
1822 2857 2010 2922 hoste
2055 2857 2389 2921 communi
2431 2858 2602 2938 pari-

438 2974 469 3017 4
502 2955 673 3034 endi,
720 2957 832 3038 qui
872 2958 1080 3022 effuso
1124 2958 1379 3037 agmine
1422 2955 1761 3019 adventat.
1853 2957 2024 3020 Gens
2065 2963 2185 3032 est,
2215 2957 2320 3020 cui
2362 2963 2603 3020 natura

568 3179 616 3219 Β.
648 3177 721 3220 ad
762 3206 777 3220 .
820 3206 833 3220 .
876 3205 890 3220 .
928 3176 1343 3228 experiendam:
1380 3176 1502 3220 with
1601 3176 1704 3219 him
1751 3187 1782 3220 a
1828 3176 2089 3227 municeps,
2139 3175 2230 3219 but
2279 3176 2342 3220 he
2388 3176 2488 3220 had
2536 3188 2602 3220 no

502 3243 653 3286 duxit.
716 3243 1007 3288 camillus:
1037 3244 1100 3286 cr.
1130 3246 1207 3286 32.
1239 3245 1283 3288 7.
1601 3244 1740 3286 voice
1759 3244 1810 3285 in
1833 3243 1919 3286 the
1941 3243 2202 3294 assembly.
2260 3244 2322 3286 in
2345 3244 2602 3289 medium

566 3312 616 3354 7.
649 3318 783 3354 cum
811 3340 824 3353 .
856 3338 869 3353 .
900 3339 914 3354 .
939 3311 1271 3354 senesceret:
1296 3311 1504 3353 circum·
1602 3309 1874 3353 conterre:
1909 3310 2004 3352 “to
2032 3310 2366 3353 contribute.’'

505 3376 722 3420 stantial.
782 3375 1025 3420 felicius:
1054 3377 1163 3429 “by
1188 3377 1359 3426 luck;”
1388 3387 1504 3419 con·
1662 3376 1713 3418 2.
1748 3375 1853 3418 hac
1891 3377 2036 3419 arte:
2075 3386 2156 3418 see
2192 3386 2257 3418 on
2301 3378 2342 3420 1.
2375 3378 2452 3420 53.
2488 3378 2530 3420 1.

505 3445 805 3495 temptuouS.
1654 3445 1713 3500 ‚8.
1745 3442 2001 3487 fortuna:
2044 3460 2087 3476 =
2127 3443 2322 3492 occasio,
2371 3443 2490 3486 with
2531 3454 2601 3485 re-

566 3509 615 3552 8.
646 3511 755 3555 Nee
810 3539 823 3554 .
888 3540 902 3554 .
966 3539 981 3554 .
1027 3511 1241 3555 tactus:
1300 3511 1396 3553 “as
1464 3511 1503 3553 if
1600 3510 1831 3561 terendae.
1926 3517 2226 3554 memores:
2277 3510 2450 3553 “since
2500 3520 2598 3561 you

505 3577 659 3619 under
716 3577 883 3620 divine
949 3578 1292 3630 inspiration.”
1379 3586 1503 3621 sue-
1599 3577 1707 3621 well
1735 3577 2059 3622 remember.”

505 3642 622 3686 tus:
651 3661 695 3676 =
722 3645 965 3691 adsuetus.-
992 3645 1283 3688 concessive.
1663 3645 1713 3687 4.
1747 3644 1936 3688 firma:
1986 3644 2222 3695 referring
2267 3643 2497 3695 logically
2546 3645 2602 3685 to

569 3709 746 3754 XLIV.
807 3711 856 3754 1.
915 3711 1165 3762 quando:
1219 3711 1503 3763 explaining
1601 3710 1801 3762 animos,
1834 3723 1888 3754 as
1916 3722 2090 3763 magma
2119 3716 2172 3755 to
2199 3721 2412 3763 corpora.

504 3775 625 3819 cives
656 3777 763 3820 mei.
831 3778 934 3821 The
967 3779 1191 3821 Ardeates
1222 3778 1321 3821 had
1355 3778 1502 3821 made
