2925 4375
192 741 271 783 10

201 1242 273 1283 11

207 1643 282 1683 12

316 239 398 293 xl.
438 240 490 304 2]
1217 240 1455 294 LIBER
1492 242 1522 294 1

2355 243 2423 295 71

317 421 639 497 homines,
691 421 970 485 victores
1017 422 1311 485 omnium
1360 422 1529 485 circa
1575 420 1986 501 populorum,
2035 422 2299 501 opifices
2348 442 2423 485 ac

319 521 638 601 lapicidas
696 540 816 601 'pro
879 520 1300 584 bellatoribus
1361 522 1591 585 factos.
1681 521 1960 601 Indigna
2024 522 2205 585 Servi
2254 521 2424 584 Tulli

319 620 490 701 regis
527 627 892 684 memorata
931 621 1159 684 caedes
1197 628 1264 684 et
1300 622 1565 683 invecta
1604 622 1853 700 corpori
1892 621 2101 700 patris
2139 620 2424 684 nefando

321 720 623 783 vehiculo
691 720 842 797 filia,
910 721 1330 801 invocatique
1395 720 1641 784 ultores
1699 727 2051 800 parentum
2100 720 2209 781 dii.
2302 721 2425 783 His

322 821 904 900 atrocioribusque,
950 820 1160 896 cred0,
1205 820 1364 896 aliis,
1409 840 1578 900 quae
1618 840 1921 899 praesens
1960 838 2175 881 rerum
2216 819 2425 900 indig-

321 920 500 983 nitas
560 920 1074 1008 haudquaquam
1135 920 1344 982 relatu
1403 920 1828 999 scriptoribus
1889 919 2102 982 facilia
2160 919 2421 993 subicit,

324 1020 704 1083 memoratis
759 1020 1088 1083 incensam
1146 1020 1636 1082 multitudinem
1706 1019 2010 1100 perpulit,
2068 1025 2145 1081 ut
2221 1019 2427 1099 impe-

321 1120 496 1181 rium
547 1120 679 1198 regi
735 1119 1095 1199 abrogaret,
1169 1120 1551 1199 exsulesque
1616 1139 1753 1182 esse
1817 1118 2069 1181 iuberet
2139 1120 2208 1179 L.
2271 1119 2428 1179 Tar-

323 1219 624 1299 quinium
685 1238 832 1279 cum
893 1220 1162 1298 coniuge
1221 1240 1294 1281 ac
1354 1218 1588 1282 liberis.
1679 1219 1829 1299 Ipse
1886 1218 2265 1293 iunioribus,
2312 1216 2425 1297 qui

322 1318 500 1381 ultro
542 1318 809 1382 nomina
849 1318 1120 1394 dabant,
1165 1318 1348 1381 lectis
1391 1318 1791 1398 armatisque
1834 1318 1916 1380 ad
1961 1317 2425 1380 concitandum

322 1418 479 1480 inde
535 1418 846 1481 adversus
903 1438 1118 1497 regem
1173 1418 1534 1481 exercitum
1592 1418 1875 1480 Ardeam
1928 1418 1999 1480 in
2056 1424 2269 1480 castra
2324 1423 2426 1479 est

323 1519 659 1598 profectus
669 1539 685 1594 3
741 1518 1086 1597 imperium
1140 1518 1209 1580 in
1263 1517 1424 1579 urbe
1481 1518 1801 1593 Lucretio,
1859 1508 2190 1597 praefecto
2245 1516 2427 1579 urbis

323 1618 461 1679 iam
496 1624 652 1680 ante
688 1618 772 1679 ab
807 1637 954 1697 rege
982 1618 1310 1693 institut0,
1337 1616 1664 1697 relinquit,
1755 1618 1938 1680 Inter
1972 1617 2144 1679 hunc
2181 1616 2426 1679 tumul-

328 1724 475 1780 tum
540 1717 750 1779 Tullia
816 1716 1011 1780 domo
1080 1716 1366 1796 profugit
1433 1716 1965 1793 exsecrantibus,
2011 1735 2425 1797 quacumque

325 1816 692 1893 incedebat,
724 1816 1314 1896 invocantibusque
1344 1823 1695 1896 parentum
1725 1816 1927 1879 furias
1958 1815 2113 1879 viris
2145 1814 2428 1876 mulieri-

327 1915 600 1996 busque.

456 2017 595 2078 LX.
645 2016 901 2079 Harum
935 2036 1150 2078 rerum
1187 2016 1434 2079 nuntiis
1486 2016 1555 2079 in
1592 2023 1805 2079 castra
1840 2016 2125 2096 perlatis,
2166 2036 2315 2077 cum
2361 2035 2429 2077 re

327 2136 503 2178 nova
558 2115 851 2196 trepidus
905 2137 1022 2178 rex
1074 2123 1368 2196 pergeret
1426 2118 1709 2179 Romam
1766 2116 1849 2179 ad
1908 2115 2428 2196 comprimendos

328 2223 569 2291 motus,
607 2217 788 2279 flexit
821 2217 998 2279 viam
1030 2218 1277 2279 Brutus
1303 2253 1384 2259 —-—
1407 2225 1698 2280 senserat
1729 2218 1903 2279 enim
1936 2217 2297 2279 adventum
2325 2251 2425 2290 —,

328 2335 411 2379 ne
450 2316 683 2379 obvius
724 2317 904 2379 fieret
916 2337 931 2392 ;
971 2316 1330 2396 eodemque
1371 2316 1501 2378 fere
1543 2323 1836 2396 tempore
1876 2316 2145 2378 diversis
2184 2315 2430 2377 itineri-

333 2415 452 2478 bus
533 2417 779 2496 Brutus
861 2415 1162 2492 Ardeam,
1247 2405 1639 2496 Tarquinius
1719 2417 2002 2478 Romam
2086 2421 2424 2477 venerunt.

328 2516 681 2595 Tarquinio
743 2515 998 2578 clausae
1057 2522 1286 2595 portae
1361 2515 1789 2596 exsiliumque
1863 2516 2183 2578 indictum
2195 2534 2211 2591 3
2271 2513 2431 2574 libe-

329 2622 612 2678 ratorem
640 2615 820 2679 urbis
847 2615 1020 2677 laeta
1060 2622 1274 2678 castra
1315 2635 1637 2695 accepere,
1666 2617 2011 2695 exactique
2050 2614 2201 2676 inde
2243 2613 2426 2675 liberi

329 2715 512 2800 regis.
603 2717 750 2778 Duo
812 2722 1070 2795 patrem
1131 2715 1337 2778 secuti
1397 2722 1573 2790 sunt,
1626 2716 1737 2796 qui
1797 2715 2171 2778 exsulatum
2232 2714 2429 2775 Caere

330 2815 396 2877 in
449 2817 757 2878 Etruscos
802 2816 1038 2878 ierunt.
1131 2816 1275 2878 Sex.
1329 2815 1719 2896 Tarquinius
1770 2814 2030 2890 Gabios,
2084 2821 2429 2893 tamquam

330 2914 396 2976 in
437 2934 628 2976 suum
669 2934 960 2992 regnum,
1005 2914 1336 2993 profectus
1378 2914 1463 2977 ab
1504 2913 1825 2977 ultoribus
1867 2922 2165 2977 veterum
2206 2912 2429 2976 simul-

331 3013 592 3088 tatium,
652 3034 814 3092 quas
869 3014 993 3076 sibi
1048 3014 1184 3093 ipse
1242 3013 1549 3077 caedibus
1604 3013 1977 3094 rapinisque
2035 3013 2424 3086 conciverat,

395 3165 474 3207 1⁰.
507 3165 894 3216 scriptoribus:
917 3165 1022 3209 dat.
1039 3167 1091 3208 of
1103 3168 1190 3209 ref.
1208 3166 1327 3208 with

329 3232 518 3283 facilia:
533 3233 618 3275 the
630 3233 780 3275 latter
792 3234 834 3275 is
847 3234 898 3274 in
915 3234 1196 3284 apposition
1208 3234 1329 3276 with

330 3310 463 3350 quae.
533 3300 765 3343 subicit:
801 3299 1025 3350 “always
1054 3301 1328 3351 suggests.''

331 3367 434 3410 The
466 3367 621 3409 whole
657 3367 869 3416 thought
913 3368 955 3409 is
994 3367 1080 3409 the
1115 3367 1327 3416 graceful

331 3434 517 3477 tribute
535 3435 587 3476 ot
608 3445 638 3476 a.
660 3435 825 3476 writer
848 3438 903 3476 to
925 3434 1010 3476 the
1035 3434 1329 3477 vehemence

330 3500 429 3544 and
463 3501 594 3543 force
626 3501 679 3542 of
712 3501 797 3542 the
831 3501 1016 3551 spoken
1050 3500 1201 3542 word.

396 3569 474 3610 11.
507 3567 749 3612 Ardeam
780 3567 843 3609 ln
877 3567 1082 3610 castra:
1105 3569 1156 3608 in
1183 3568 1329 3610 Latin

331 3635 448 3678 each
465 3635 603 3687 place
615 3635 657 3677 is
671 3634 988 3676 destination.
1049 3634 1328 3685 praefecto

332 3702 509 3745 urbis:
550 3702 636 3744 the
675 3701 832 3743 urban
875 3701 1058 3752 prefect
1110 3712 1210 3742 was
1259 3701 1329 3743 al-

329 3779 464 3819 ways
515 3767 894 3816 ‘¹acting·king''
945 3770 994 3812 in
1041 3768 1126 3810 the
1168 3768 1328 3819 king's

331 3835 548 3883 absence.
581 3846 641 3877 ne
669 3835 782 3875 urbs
811 3835 914 3876 sine
956 3835 1157 3884 imperio
1195 3835 1323 3885 foret,

1430 3166 1642 3214 Tacitus,
1676 3167 1801 3209 Ann.
1830 3167 1875 3209 6.
1907 3167 1980 3208 11.

1494 3234 1571 3275 12.
1606 3232 1810 3278 Tullia:
1862 3236 1979 3275 note
2029 3232 2115 3274 the
2165 3230 2430 3273 novel-like

1426 3300 1630 3343 interest
1690 3300 1741 3342 in
1800 3299 2053 3350 reporting
2112 3297 2232 3340 each
2291 3297 2430 3339 char-

1427 3366 1603 3409 acter’s
1639 3366 1756 3408 fate.

1493 3433 1597 3475 LX.
1635 3434 1681 3475 1.
1716 3433 1870 3475 flexit
1927 3432 2105 3473 vlam:
2166 3430 2426 3479 “changed

1427 3501 1503 3542 his
1542 3500 1760 3542 course.’'
1833 3498 1935 3541 The
1974 3498 2188 3549 position
2226 3497 2427 3539 relieves

1428 3568 1513 3609 the
1554 3568 1743 3610 instant
1786 3564 1999 3615 thought
2043 3565 2155 3607 that
2198 3564 2285 3606 the
2327 3567 2427 3605 two

1427 3634 1588 3676 would
1611 3637 1755 3676 meet.

1489 3702 1538 3743 2.
1574 3700 1875 3751 'tarquinio
1908 3727 1921 3742 .
1954 3727 1968 3741 .
2002 3727 2015 3740 .
2043 3697 2426 3741 liberatorem:

1427 3768 1555 3810 their
1622 3767 1871 3817 reception
1940 3767 1982 3808 is
2050 3763 2306 3807 remarked
2374 3763 2425 3805 in

1427 3835 1630 3877 chiastic
1660 3834 1815 3876 order.
