2925 4375
483 2709 538 2751 11
578 2700 868 2756 venerat.

590 218 690 271 154

587 397 871 461 maxime
920 396 989 459 in
1038 417 1105 460 re
1156 394 1386 487 bellica
1438 402 1689 477 potens.

1499 214 1565 271 T.
1602 214 1760 269 LIVI

2458 214 2612 280 [xvii.
2649 217 2689 270 3

1829 396 1926 459 Ea
1975 403 2042 459 et
2091 396 2347 475 singula
2395 397 2684 461 intuenti

521 509 553 551 4
585 505 654 562 et
705 498 1027 573 universa,
1080 496 1249 559 sicut
1303 497 1387 559 ab
1441 496 1580 559 aliis
1633 496 1888 575 regibus
1942 496 2393 577 gentibusque,
2447 498 2545 559 ita
2597 497 2683 559 ab

588 598 707 660 hoc
752 618 1012 678 quoque
1055 595 1241 659 facile
1283 601 1623 675 praestant
1680 595 2001 658 invictum
2045 596 2421 659 Romanum
2476 597 2684 676 impe-

520 711 552 754 5
586 698 773 761 rium.

870 696 1015 759 Iam
1052 697 1356 776 primum,
1388 702 1465 757 ut
1492 695 1709 758 ordiar
1759 696 1842 758 ab
1887 695 2160 759 ducibus
2197 697 2678 776 comparandiS,

586 797 762 860 haud
824 797 1126 877 equidem
1188 796 1406 859 abnuo
1464 796 1790 874 egregium
1851 796 2084 858 ducem
2144 796 2340 858 fuisse
2402 796 2683 859 Alexan-

586 897 776 959 drum
788 917 805 973 3
851 896 965 959 sed
1014 895 1346 958 clariorem
1395 902 1619 957 tamen
1663 915 1814 958 eum
1862 894 2040 971 facit,
2091 895 2265 976 quod
2315 917 2482 959 unus
2529 896 2678 973 fuit,

588 996 762 1077 quod
810 995 1183 1059 adulescens
1227 994 1295 1057 in
1338 995 1740 1057 incremento
1785 1015 2019 1071 rerum,
2065 994 2358 1057 nondum
2405 996 2680 1058 alteram

520 1108 553 1151 6
586 1096 920 1159 fortunam
997 1102 1325 1174 expertuS,

1406 1094 1698 1157 decessit.

1809 1096 1903 1157 Ut
1981 1094 2136 1157 alios
2215 1116 2394 1174 reges
2475 1096 2682 1159 claros

586 1196 910 1275 ducesque
943 1195 1271 1270 omittam,
1309 1214 1548 1273 magna
1580 1194 1880 1274 exempla
1913 1215 2182 1257 casuum
2218 1196 2678 1272 humanorum,

586 1296 847 1375 Cyrum,
942 1315 1137 1375 quem
1230 1294 1514 1357 maxime
1609 1294 1836 1357 Graeci
1929 1294 2230 1357 laudibus
2323 1294 2677 1372 celebrant,

586 1394 741 1475 quid
796 1394 918 1457 nisi
972 1393 1165 1473 longa
1217 1394 1375 1469 vita,
1430 1393 1600 1456 sicut
1656 1394 1965 1472 Magnum
2020 1394 2214 1456 modo
2270 1395 2677 1473 Pompeium,

520 1506 551 1551 7
586 1493 866 1556 vertenti
909 1493 1212 1573 praebuit
1244 1494 1585 1556 fortunae?
1668 1494 2065 1555 Recenseam
2094 1493 2290 1556 duces
2321 1494 2676 1571 RomanOS,

585 1614 700 1657 nec
739 1614 963 1656 omnes
1001 1593 1295 1656 omnium
1336 1594 1675 1668 aetatium,
1715 1593 1828 1655 sed
1869 1592 2040 1672 ipsos
2078 1613 2208 1669 eOS,
2251 1614 2399 1656 cum
2439 1594 2680 1674 quibus

584 1694 955 1756 consulibus
1011 1700 1126 1756 aut
1181 1693 1613 1756 dictatoribus
1673 1682 2041 1755 Alexand'ro
2096 1694 2222 1755 fuit
2278 1693 2676 1770 bellandum,

516 1807 547 1849 8
586 1794 669 1855 M.
727 1793 1056 1856 Valerium
1110 1794 1412 1869 Corvum,
1470 1793 1537 1855 C.
1597 1792 1912 1855 Marcium
1967 1793 2288 1869 Rutilum,
2343 1795 2410 1856 C.
2469 1794 2681 1873 Sulpi-

583 1892 776 1969 cium,
824 1895 896 1955 T.
949 1894 1264 1956 Manlium
1308 1894 1739 1973 Torquatum,
1789 1893 1864 1968 Q.
1916 1892 2267 1955 Publilium
2315 1894 2676 1970 Philonem,

583 1995 653 2055 L.
729 1994 1060 2073 Papirium
1130 1994 1488 2068 Cursorem,
1562 1994 1637 2069 Q.
1712 1991 1988 2055 Fabium
2059 1993 2439 2070 Maximum,
2514 1994 2679 2057 duos

517 2108 547 2149 9
585 2093 836 2169 DeciOS,
886 2094 956 2155 L.
1003 2093 1445 2169 Volumnium,
1494 2094 1600 2154 Μ’.
1631 2093 1935 2155 Curium?
2021 2092 2340 2174 Deinceps
2382 2094 2678 2173 ingentes

582 2201 948 2274 sequuntur
981 2195 1122 2270 viri,
1159 2193 1213 2256 si
1249 2194 1569 2256 Punicum
1605 2195 1906 2256 Romano
1941 2194 2398 2273 praevertisset
2433 2196 2678 2259 bellum

483 2310 548 2351 10
580 2295 921 2374 seniorque
958 2295 1026 2356 in
1063 2294 1327 2356 Italiam
1360 2293 1739 2356 traiecisset.
1802 2294 2056 2356 Horum
2093 2294 2161 2356 in
2198 2295 2489 2374 quolibet
2527 2317 2677 2359 cum

581 2393 828 2457 indoles
860 2394 1108 2470 eadem,
1146 2415 1313 2474 quae
1349 2393 1415 2456 in
1451 2392 1841 2469 Alexandro,
1877 2400 2018 2456 erat
2053 2395 2252 2456 animi
2284 2395 2674 2476 ingeniique,

579 2500 722 2556 tum
761 2493 1104 2574 disciplina
1141 2493 1457 2569 militaris,
1499 2493 1630 2555 iam
1667 2493 1817 2555 inde
1856 2494 1948 2556 ab
1975 2493 2176 2556 initiis
2213 2495 2391 2558 urbis
2427 2495 2679 2560 tradita

578 2613 692 2673 per
721 2615 973 2669 manuS,
1005 2594 1072 2655 in
1102 2593 1259 2656 artis
1286 2593 1618 2674 perpetuis
1645 2593 2006 2673 praeceptis
2034 2593 2374 2658 ordinatae
2403 2595 2674 2659 modum

638 2881 687 2922 8.
721 2876 996 2922 intuentis
1042 2889 1109 2920 sc.
1156 2877 1325 2923 alicui:
1371 2877 1477 2922 dat.
1524 2878 1577 2920 of

574 2945 829 2992 reference,
860 2945 981 2988 with
1008 2945 1309 2988 conditional
1338 2947 1486 2990 force.

639 3014 686 3055 5.
721 3013 871 3062 quod
917 3021 1068 3055 unus
1115 3013 1253 3056 tuit:
1300 3014 1443 3056 while
1489 3013 1576 3056 the

575 3078 795 3121 Romans
817 3079 914 3121 had
939 3083 1038 3122 two
1061 3081 1256 3125 consuls
1280 3081 1379 3123 and
1405 3082 1575 3133 yearly

572 3147 846 3190 succession
873 3147 924 3187 in
952 3147 1105 3189 office.
1168 3148 1240 3190 Cf.
1274 3149 1345 3191 18.
1380 3150 1452 3192 13.
1514 3148 1576 3191 ln

571 3213 922 3256 incremento
972 3221 1187 3257 rerum:
1240 3215 1423 3258 “while
1474 3217 1575 3260 still

571 3279 849 3330 advancing
876 3281 928 3322 in
957 3280 1033 3322 his
1063 3282 1357 3324 successes.’'

635 3348 683 3389 6.
719 3348 931 3392 Graeci:
982 3349 1243 3400 especially
1293 3348 1572 3402 Xenophon

570 3415 622 3456 in
641 3414 716 3456 his
738 3415 1057 3466 Cyropaedia.
1112 3416 1468 3466 rompemm:
1489 3418 1575 3460 the

570 3484 699 3523 most
731 3481 941 3531 glorious
972 3485 1084 3533 part
1116 3483 1167 3524 of
1198 3483 1461 3534 Pompey's
1490 3483 1576 3527 life

569 3547 727 3590 ended
767 3548 887 3590 with
926 3549 1003 3591 his
1059 3549 1192 3591 third
1234 3550 1470 3601 triumph,
1513 3553 1570 3594 51

568 3625 617 3658 B.
644 3626 706 3666 c.,
740 3615 880 3658 three
914 3627 1056 3667 years
1092 3617 1258 3659 before
1292 3617 1367 3659 his
1403 3616 1572 3661 death.

568 3682 837 3725 vertenti:
874 3682 959 3725 the
994 3683 1141 3724 altera
1168 3683 1361 3732 fortuna
1396 3684 1570 3734 above,

570 3743 829 3791 “Fortune
852 3750 904 3791 in
929 3749 1015 3791 her
1040 3749 1284 3799 changing
1307 3750 1508 3792 mood.’'

630 3817 679 3858 7.
714 3813 1047 3859 Alexandros
1073 3814 1177 3858 dat.
1204 3816 1255 3857 of
1280 3820 1443 3866 agent.

960 2693 1067 2755 Ita
1109 2713 1289 2771 reges
1332 2699 1664 2772 gesserant
1707 2692 1894 2768 bella,
1925 2693 2021 2755 ita
2061 2693 2295 2757 deinde
2337 2702 2676 2760 exactores

1735 2878 1786 2920 8.
1820 2876 2130 2928 ramnumz
2161 2878 2314 2931 easily
2344 2879 2430 2923 the
2459 2885 2676 2932 greatest

1672 2946 1724 2988 of
1752 2946 1838 2988 the
1867 2945 2086 2996 generals
2114 2947 2166 2989 in
2195 2948 2294 2990 this
2322 2947 2422 2991 list.

1733 3014 1786 3056 9.
1816 3013 2076 3063 ingentes
2112 3043 2126 3056 .
2163 3043 2176 3056 .
2214 3043 2227 3056 .
2257 3015 2389 3058 viri:
2431 3027 2540 3068 e.g.,
2587 3017 2679 3060 Fa-

1672 3080 1853 3124 bricius
1875 3080 1972 3122 and
1990 3080 2338 3126 Coruncanius
2393 3083 2677 3128 Punicum

1676 3176 1691 3191 .
1732 3176 1747 3191 .
1787 3176 1802 3191 .
1838 3147 2171 3190 traiecisset:
2207 3149 2284 3192 i.e.
2322 3149 2362 3192 if
2397 3149 2675 3195 Alexander

1671 3214 1772 3258 had
1804 3214 1972 3264 waged
2007 3225 2108 3257 war
2140 3215 2263 3258 with
2297 3217 2540 3268 Carthage
2575 3219 2674 3262 and

1673 3283 1794 3326 then
1818 3293 1956 3324 come
1980 3286 2034 3325 to
2060 3282 2208 3332 Italy.

1736 3350 1816 3392 ιο.
1850 3350 1986 3392 artis
2034 3350 2317 3400 perpetuu
2365 3355 2672 3404 praeceptis

1673 3418 1987 3460 ordinatae:
2033 3428 2088 3459 as
2133 3418 2172 3460 if
2217 3417 2346 3460 their
2391 3423 2576 3470 system
2623 3422 2674 3463 of

1672 3484 1877 3526 warfare
1908 3483 2006 3526 had
2037 3484 2162 3527 been
2191 3485 2402 3528 reduced
2433 3489 2487 3528 to
2517 3497 2547 3528 a
2576 3487 2673 3530 fine

1672 3555 1763 3600 art,
1800 3551 1886 3594 the
1918 3551 2190 3595 successive
2221 3552 2409 3596 leaders
2440 3555 2674 3598 instruct-

1670 3618 1755 3668 ing
1779 3619 1865 3661 the
1888 3622 2007 3662 next
2035 3620 2334 3668 generation.

1736 3686 1815 3728 11.
1850 3686 2080 3736 qulbus:
2115 3687 2220 3730 dat.
2255 3687 2308 3730 ot
2339 3691 2505 3737 agent.
2571 3689 2673 3732 The

1672 3751 1967 3795 alternative
1994 3753 2197 3804 reading
2223 3755 2514 3806 quibuscum.
2547 3755 2671 3806 Livy

1671 3829 1820 3861 never
1848 3831 1975 3864 uses,
