2925 4375
390 173 491 227 122
1304 170 1373 231 Τ.
1407 170 1572 230 LIVI
2249 176 2422 246 [xliv.
2448 180 2484 231 4

384 376 657 437 corpora
711 357 1090 439 animosque
1145 378 1386 437 magna
1440 358 1647 437 magis
1703 378 1904 439 quam
1959 360 2149 421 firma
2201 356 2454 421 dederit
2467 380 2486 435 ;

384 475 460 517 eo
502 455 571 519 in
613 462 943 520 certamen
984 476 1177 520 omne
1218 455 1365 537 plus
1407 457 1671 520 terroris
1715 478 1915 539 quam
1958 458 2196 520 virium
2241 458 2479 521 ferunt.

320 575 350 617 5
384 554 789 634 Argumento
830 556 917 619 sit
961 554 1176 620 clades
1214 558 1517 619 Romana
1526 578 1543 634 ς
1586 563 1926 637 patentem
1965 578 2190 637 cepere
2225 558 2484 635 urbem;

382 672 467 716 ex
523 674 671 720 ,arce
732 655 1183 736 Capitolioque
1244 656 1320 719 iis
1380 658 1618 735 exigua
1677 657 2000 720 resistitur
2059 677 2289 733 manu;
2349 658 2484 720 iam

382 752 738 818 obsidionis
808 755 1026 818 taedio
1099 755 1257 818 victi
1328 755 1691 819 abscedunt
1762 756 2040 837 vagique
2109 778 2227 837 per
2297 778 2485 836 agros

317 872 350 915 6
383 854 708 934 palantur.
797 854 956 917 Cibo
1033 853 1313 935 vinoque
1398 855 1642 935 raptim
1729 857 1966 919 hausto
2055 856 2306 937 repleti,
2367 856 2482 919 ubi

384 976 517 1017 nox
586 954 860 1034 adpetit,
932 974 1135 1034 prope
1205 954 1379 1017 rivos
1450 975 1771 1035 aquarum
1841 956 1978 1018 sine
2048 956 2480 1031 munimento,

382 1053 519 1116 sine
570 1054 964 1117 stationibus
1016 1075 1091 1117 ac
1144 1053 1455 1116 custodiis
1507 1054 1748 1133 passim
1801 1054 2087 1117 ferarum
2139 1056 2269 1117 ritu
2321 1062 2485 1117 ster-

382 1160 649 1229 nuntur,
719 1173 892 1216 nunc
963 1154 1047 1216 ab
1116 1153 1415 1216 secundis
1485 1154 1677 1216 rebus
1747 1155 1952 1233 magis
2019 1155 2221 1218 etiam
2288 1153 2482 1217 solito

318 1273 350 1317 '7
382 1251 647 1316 incauti.
738 1252 804 1316 Si
834 1237 1022 1316 'vobis
1065 1252 1132 1315 in
1178 1253 1395 1316 animo
1439 1260 1540 1316 est
1585 1253 1754 1317 tueri
1799 1254 2058 1317 moenia
2100 1260 2320 1317 vestra
2362 1275 2481 1317 nec

382 1352 522 1431 pati
584 1354 741 1417 haec
804 1352 1025 1415 omnia
1087 1351 1421 1418 Gallorum
1487 1352 1643 1428 fieri,
1709 1354 1922 1433 prima
1984 1353 2204 1433 vigilia
2266 1354 2482 1433 capite

384 1472 564 1515 arma
615 1452 1116 1533 frequentesque
1171 1473 1275 1516 me
1327 1452 1674 1533 sequimini
1729 1452 1811 1515 ad
1853 1453 2152 1535 caedem,
2209 1475 2341 1515 non
2395 1453 2480 1516 ad

381 1572 689 1632 pugnam.
778 1552 917 1615 Nisi
947 1553 1201 1615 vinctos
1242 1573 1472 1615 somno
1510 1552 1691 1615 velut
1733 1553 2012 1632 pecudes
2054 1552 2480 1615 trucidandos

381 1652 730 1728 tradidem,
790 1673 922 1714 non
980 1671 1202 1715 recuso
1260 1652 1542 1715 eundem
1604 1652 1854 1715 Ardeae
1911 1673 2127 1716 rerum
2187 1672 2481 1715 mearum

379 1752 651 1827 exitum,
693 1771 888 1833 quem
930 1752 1179 1815 Romae
1218 1752 1461 1814 habui'.

318 1874 341 1913 1
505 1852 705 1914 XLV.
753 1851 996 1931 Aequis
1077 1851 1446 1932 iniquisque
1529 1872 1908 1931 persuasum
1990 1858 2132 1915 erat
2214 1858 2481 1915 tantum

380 1950 546 2013 bello
589 1952 803 2013 virum
843 1952 1169 2014 neminem
1212 1972 1493 2032 usquam
1533 1972 1612 2013 ea
1651 1958 2046 2031 tempestate
2073 1972 2230 2015 esse.
2315 1952 2483 2014 Con-

380 2051 556 2113 tione
611 2050 881 2113 dimissa
936 2071 1205 2131 corpora
1261 2058 1514 2127 curant,
1572 2051 1830 2126 intenti,
1888 2072 2088 2132 quam
2146 2072 2301 2114 mox
2353 2052 2480 2129 sig-

379 2172 538 2214 num
575 2151 859 2214 daretur.
951 2149 1095 2227 Quo
1132 2150 1311 2226 dato,
1342 2150 1554 2230 primo
1590 2150 1848 2214 silentio
1887 2151 2096 2214 noctis
2135 2152 2215 2215 ad
2254 2158 2480 2232 portas

315 2273 343 2314 2
378 2250 645 2314 Camillo
693 2258 953 2331 praesto
1003 2250 1197 2313 fuere.
1290 2250 1553 2329 Egressi
1594 2251 1771 2313 haud
1818 2251 2042 2331 procul
2092 2253 2270 2327 urbe,
2307 2252 2478 2314 sicut

344 2351 784 2431 praedictum
849 2357 1011 2426 erat,
1081 2358 1295 2412 castra
1364 2349 1699 2412 Gallorum
1766 2351 1986 2414 intuta
2051 2351 2474 2431 neglectaque

379 2450 461 2514 ab
524 2450 697 2513 omni
764 2457 951 2530 parte
1014 2451 1190 2513 nacti
1257 2470 1407 2512 cum
1471 2450 1716 2528 ingenti
1783 2448 2062 2513 clamore
2127 2451 2470 2513 invadunt.

313 2571 342 2613 3
379 2551 720 2631 Nusquam
763 2548 1099 2631 proelium,
1129 2549 1435 2612 omnibus
1481 2548 1634 2612 locis
1679 2550 1905 2612 caedes
1947 2556 2074 2626 est;
2118 2549 2296 2612 nuda
2341 2571 2479 2612 cor-

376 2671 535 2729 pora
604 2657 671 2713 et
742 2650 958 2712 soluta
1029 2670 1257 2712 somno
1331 2649 1763 2711 trucidantur.
1857 2651 2204 2712 Extremos
2253 2656 2478 2712 tamen

376 2771 582 2829 pavor
635 2749 955 2812 cubilibus
1007 2749 1140 2812 suis
1191 2749 1459 2824 excitOS‚
1518 2770 1684 2829 quae
1738 2756 1854 2811 aut
1899 2749 2081 2812 -unde
2133 2749 2231 2812 vis
2280 2756 2473 2826 esset,

375 2849 631 2930 ignaros
679 2849 746 2912 in
795 2849 1018 2928 fugam
1066 2855 1133 2912 et
1184 2835 1505 2930 quosdam
1555 2849 1622 2910 in
1669 2849 1925 2911 hostem
1974 2848 2190 2929 ipsum
2237 2848 2479 2929 impro-

376 2948 561 3012 vidos
628 2949 801 3011 tulit.
894 2950 1131 3028 Magna
1196 2969 1347 3028 pars
1412 2948 1482 3010 in
1550 2968 1776 3027 agrum
1845 2948 2186 3011 Antiatem
2251 2947 2472 3024 delati,

374 3049 751 3112 excursione
834 3049 918 3111 ab
1000 3047 1347 3129 oppidanis
1429 3047 1497 3109 in
1579 3048 1837 3128 palatos
1922 3048 2119 3123 facta,
2205 3047 2478 3110 circum-

376 3149 743 3210 veniuntur.

438 3303 487 3345 6.
521 3300 751 3345 hausto:
790 3299 1155 3344 “swallowed.”
1225 3299 1374 3343 rivos
1540 3299 1691 3343 XLV.
1759 3300 1807 3343 1.
1872 3301 2065 3351 aequis
2129 3299 2478 3350 lmqmsque:

374 3377 679 3421 aquarum:
716 3369 908 3411 “water
943 3368 1188 3410 courses.''
1255 3368 1375 3410 elne
1478 3368 1700 3410 “friends
1728 3368 1824 3410 and
1855 3369 2009 3410 foeS.”

375 3436 762 3479 munimento:
804 3436 1008 3478 observe
1050 3435 1135 3477 the
1174 3434 1373 3486 implied
1537 3436 1588 3476 2.
1620 3435 1866 3485 ingenti:
1893 3438 2116 3484 stronger
2141 3433 2264 3476 than
2289 3444 2478 3484 mamm.

374 3506 594 3546 contrast
631 3501 752 3544 with
788 3502 873 3544 the
908 3501 1102 3552 nightly
1138 3503 1290 3543 castra
1325 3503 1375 3543 of
1539 3502 1588 3543 3.
1622 3501 1832 3544 soluta:
1879 3500 2170 3544 “relaxed.''
2247 3501 2476 3543 Contrast

373 3569 459 3612 the
494 3569 729 3612 Romans,
797 3568 1157 3612 sternuntur:
1192 3567 1375 3611 middle
1475 3567 1595 3610 with
1649 3569 1827 3610 vinctos
1887 3567 1982 3615 (44.
2040 3567 2108 3618 7).
2197 3565 2479 3610 cubilibus

373 3637 525 3680 voice.
1476 3635 1616 3677 suls:
1653 3635 1819 3676 “from
1853 3633 2014 3676 where
2047 3634 2167 3676 each
2201 3634 2336 3685 lay.”
2403 3634 2477 3676 Cf.

436 3705 486 3746 7.
519 3711 737 3746 recuso:
813 3701 1063 3754 emphatic
1138 3702 1214 3743 for
1290 3701 1377 3744 the
1474 3699 1682 3750 ferarum
1724 3702 1823 3742 ritu
1873 3701 1966 3748 (44.
2013 3702 2082 3751 6).
2159 3700 2478 3753 oppidanis:

373 3769 553 3812 future.
1475 3766 1552 3808 Le.
1582 3767 1633 3808 of
1662 3766 1883 3809 Antium.
