<?xml version="1.0" encoding="UTF-8"?>
<!DOCTYPE html PUBLIC "-//W3C//DTD XHTML 1.0 Transitional//EN"
    "http://www.w3.org/TR/xhtml1/DTD/xhtml1-transitional.dtd">
<html xmlns="http://www.w3.org/1999/xhtml" xml:lang="en" lang="en">
 <head>
  <title>
</title>
<meta http-equiv="Content-Type" content="text/html;charset=utf-8" />
  <meta name='ocr-system' content='tesseract 3.04.00' />
  <meta name='ocr-capabilities' content='ocr_page ocr_carea ocr_par ocr_line ocrx_word'/>
</head>
<body>
  <div class='ocr_page' id='page_1' title='image "./livyselectionsf01longgoog_0132.png"; bbox 0 0 2925 4375; ppageno 0'>
   <div class='ocr_carea' id='block_1_1' title="bbox 414 269 516 320">
    <p class='ocr_par' dir='ltr' id='par_1_1' title="bbox 414 269 516 320">
     <span class='ocr_line' id='line_1_1' title="bbox 414 269 516 320; baseline 0 0"><span class='ocrx_word' id='word_1_1' title='bbox 414 269 516 320; x_wconf 89' lang='lat'>128</span> 
     </span>
    </p>
   </div>
   <div class='ocr_carea' id='block_1_2' title="bbox 1323 266 2497 333">
    <p class='ocr_par' dir='ltr' id='par_1_2' title="bbox 1323 266 2497 333">
     <span class='ocr_line' id='line_1_2' title="bbox 1323 266 2497 333; baseline 0.005 -14"><span class='ocrx_word' id='word_1_2' title='bbox 1323 269 1389 323; x_wconf 91' lang='grc' dir='ltr'>Τ.</span> <span class='ocrx_word' id='word_1_3' title='bbox 1423 267 1585 323; x_wconf 90' lang='lat' dir='ltr'>LIVI</span> <span class='ocrx_word' id='word_1_4' title='bbox 2266 266 2427 333; x_wconf 82' lang='lat' dir='ltr'>[xlix.</span> <span class='ocrx_word' id='word_1_5' title='bbox 2464 269 2497 325; x_wconf 82' lang='lat'>5</span> 
     </span>
    </p>
   </div>
   <div class='ocr_carea' id='block_1_3' title="bbox 344 447 2512 2211">
    <p class='ocr_par' dir='ltr' id='par_1_3' title="bbox 410 447 2506 730">
     <span class='ocr_line' id='line_1_3' title="bbox 410 447 2506 531; baseline -0.001 -17"><span class='ocrx_word' id='word_1_6' title='bbox 410 453 583 514; x_wconf 84' lang='lat' dir='ltr'>terat</span> <span class='ocrx_word' id='word_1_7' title='bbox 649 449 932 525; x_wconf 88' lang='lat' dir='ltr'>fortuna,</span> <span class='ocrx_word' id='word_1_8' title='bbox 998 447 1131 511; x_wconf 87' lang='lat' dir='ltr'>iam</span> <span class='ocrx_word' id='word_1_9' title='bbox 1195 448 1468 512; x_wconf 91' lang='lat' dir='ltr'>deorum</span> <span class='ocrx_word' id='word_1_10' title='bbox 1532 470 1690 531; x_wconf 69' lang='lat' dir='ltr'>opae</span> <span class='ocrx_word' id='word_1_11' title='bbox 1753 448 2175 531; x_wconf 86' lang='lat' dir='ltr'>humanaque</span> <span class='ocrx_word' id='word_1_12' title='bbox 2240 448 2506 512; x_wconf 87' lang='lat' dir='ltr'>consilia</span> 
     </span>
     <span class='ocr_line' id='line_1_4' title="bbox 410 548 2503 630; baseline -0.001 -17"><span class='ocrx_word' id='word_1_13' title='bbox 410 569 547 613; x_wconf 89' lang='lat' dir='ltr'>rem</span> <span class='ocrx_word' id='word_1_14' title='bbox 582 550 953 613; x_wconf 75' lang='lat' dir='ltr'>Romanam</span> <span class='ocrx_word' id='word_1_15' title='bbox 986 549 1414 613; x_wconf 79' lang='lat' dir='ltr'>adiuvabant.</span> <span class='ocrx_word' id='word_1_16' title='bbox 1506 550 1718 629; x_wconf 81' lang='lat' dir='ltr'>Igitur</span> <span class='ocrx_word' id='word_1_17' title='bbox 1743 549 1953 630; x_wconf 91' lang='lat' dir='ltr'>primo</span> <span class='ocrx_word' id='word_1_18' title='bbox 1980 568 2297 613; x_wconf 83' lang='lat' dir='ltr'>concursu</span> <span class='ocrx_word' id='word_1_19' title='bbox 2329 548 2503 611; x_wconf 91' lang='lat' dir='ltr'>haud</span> 
     </span>
     <span class='ocr_line' id='line_1_5' title="bbox 412 647 2502 730; baseline -0 -20"><span class='ocrx_word' id='word_1_20' title='bbox 412 649 655 711; x_wconf 88' lang='lat' dir='ltr'>maiore</span> <span class='ocrx_word' id='word_1_21' title='bbox 683 656 1017 712; x_wconf 86' lang='lat' dir='ltr'>momento</span> <span class='ocrx_word' id='word_1_22' title='bbox 1045 647 1172 711; x_wconf 89' lang='lat' dir='ltr'>fusi</span> <span class='ocrx_word' id='word_1_23' title='bbox 1201 648 1369 713; x_wconf 89' lang='lat' dir='ltr'>Galli</span> <span class='ocrx_word' id='word_1_24' title='bbox 1394 656 1572 726; x_wconf 87' lang='lat' dir='ltr'>sunt,</span> <span class='ocrx_word' id='word_1_25' title='bbox 1603 668 1806 730; x_wconf 89' lang='lat' dir='ltr'>quam</span> <span class='ocrx_word' id='word_1_26' title='bbox 1833 648 1917 713; x_wconf 85' lang='lat' dir='ltr'>ad</span> <span class='ocrx_word' id='word_1_27' title='bbox 1949 648 2162 711; x_wconf 89' lang='lat' dir='ltr'>Aliam</span> <span class='ocrx_word' id='word_1_28' title='bbox 2191 648 2502 711; x_wconf 88' lang='lat' dir='ltr'>vicerant.</span> 
     </span>
    </p>

    <p class='ocr_par' dir='ltr' id='par_1_4' title="bbox 344 746 2510 1128">
     <span class='ocr_line' id='line_1_6' title="bbox 344 746 2505 829; baseline 0 -21"><span class='ocrx_word' id='word_1_29' title='bbox 344 764 379 808; x_wconf 78' lang='lat'><strong>6</strong></span> <span class='ocrx_word' id='word_1_30' title='bbox 538 749 816 812; x_wconf 78' lang='lat' dir='ltr'><strong>Iustiore</strong></span> <span class='ocrx_word' id='word_1_31' title='bbox 870 747 1074 812; x_wconf 91' lang='lat' dir='ltr'>altero</span> <span class='ocrx_word' id='word_1_32' title='bbox 1128 748 1362 811; x_wconf 87' lang='lat' dir='ltr'>deinde</span> <span class='ocrx_word' id='word_1_33' title='bbox 1416 748 1659 829; x_wconf 92' lang='lat' dir='ltr'>proelio</span> <span class='ocrx_word' id='word_1_34' title='bbox 1715 748 1800 811; x_wconf 85' lang='lat' dir='ltr'>ad</span> <span class='ocrx_word' id='word_1_35' title='bbox 1854 754 2166 811; x_wconf 87' lang='lat' dir='ltr'>octavum</span> <span class='ocrx_word' id='word_1_36' title='bbox 2222 746 2505 828; x_wconf 85' lang='lat' dir='ltr'>lapidem</span> 
     </span>
     <span class='ocr_line' id='line_1_7' title="bbox 412 846 2508 929; baseline -0.002 -16"><span class='ocrx_word' id='word_1_37' title='bbox 412 848 669 913; x_wconf 90' lang='lat' dir='ltr'>Gabina</span> <span class='ocrx_word' id='word_1_38' title='bbox 710 849 837 925; x_wconf 88' lang='lat' dir='ltr'>via,</span> <span class='ocrx_word' id='word_1_39' title='bbox 884 870 1014 929; x_wconf 90' lang='lat' dir='ltr'>quo</span> <span class='ocrx_word' id='word_1_40' title='bbox 1056 869 1124 912; x_wconf 89' lang='lat' dir='ltr'>se</span> <span class='ocrx_word' id='word_1_41' title='bbox 1164 869 1249 912; x_wconf 84' lang='lat' dir='ltr'>ex</span> <span class='ocrx_word' id='word_1_42' title='bbox 1289 849 1446 929; x_wconf 86' lang='lat' dir='ltr'>fuga</span> <span class='ocrx_word' id='word_1_43' title='bbox 1488 848 1921 925; x_wconf 77' lang='lat' dir='ltr'>contulerant,</span> <span class='ocrx_word' id='word_1_44' title='bbox 1966 846 2258 911; x_wconf 90' lang='lat' dir='ltr'>eiusdem</span> <span class='ocrx_word' id='word_1_45' title='bbox 2300 847 2508 910; x_wconf 93' lang='lat' dir='ltr'>ductu</span> 
     </span>
     <span class='ocr_line' id='line_1_8' title="bbox 414 947 2510 1030; baseline -0.001 -19"><span class='ocrx_word' id='word_1_46' title='bbox 414 948 828 1030; x_wconf 89' lang='lat' dir='ltr'>auspicioque</span> <span class='ocrx_word' id='word_1_47' title='bbox 916 947 1166 1011; x_wconf 84' lang='lat' dir='ltr'>Camilli</span> <span class='ocrx_word' id='word_1_48' title='bbox 1270 949 1644 1011; x_wconf 89' lang='lat' dir='ltr'>vincuntur.</span> <span class='ocrx_word' id='word_1_49' title='bbox 1785 948 1886 1009; x_wconf 95' lang='lat' dir='ltr'>Ibi</span> <span class='ocrx_word' id='word_1_50' title='bbox 1956 947 2184 1010; x_wconf 89' lang='lat' dir='ltr'>caedes</span> <span class='ocrx_word' id='word_1_51' title='bbox 2285 947 2510 1010; x_wconf 87' lang='lat' dir='ltr'>omnia</span> 
     </span>
     <span class='ocr_line' id='line_1_9' title="bbox 412 1045 2509 1128; baseline -0.001 -17"><span class='ocrx_word' id='word_1_52' title='bbox 412 1048 726 1126; x_wconf 88' lang='lat' dir='ltr'>obtinuit;</span> <span class='ocrx_word' id='word_1_53' title='bbox 771 1055 987 1112; x_wconf 87' lang='lat' dir='ltr'>castra</span> <span class='ocrx_word' id='word_1_54' title='bbox 1030 1048 1397 1128; x_wconf 89' lang='lat' dir='ltr'>capiuntur,</span> <span class='ocrx_word' id='word_1_55' title='bbox 1442 1054 1512 1111; x_wconf 90' lang='lat' dir='ltr'>et</span> <span class='ocrx_word' id='word_1_56' title='bbox 1555 1068 1638 1111; x_wconf 90' lang='lat' dir='ltr'>ne</span> <span class='ocrx_word' id='word_1_57' title='bbox 1681 1047 1951 1110; x_wconf 87' lang='lat' dir='ltr'>nuntius</span> <span class='ocrx_word' id='word_1_58' title='bbox 1995 1046 2262 1128; x_wconf 89' lang='lat' dir='ltr'>quidem</span> <span class='ocrx_word' id='word_1_59' title='bbox 2304 1045 2509 1109; x_wconf 85' lang='lat' dir='ltr'>cladis</span> 
     </span>
    </p>

    <p class='ocr_par' dir='ltr' id='par_1_5' title="bbox 348 1144 2510 1527">
     <span class='ocr_line' id='line_1_10' title="bbox 348 1144 2510 1229; baseline -0.002 -19"><span class='ocrx_word' id='word_1_60' title='bbox 348 1167 378 1210; x_wconf 81' lang='lat'>⁷</span> <span class='ocrx_word' id='word_1_61' title='bbox 411 1146 690 1211; x_wconf 91' lang='lat' dir='ltr'>relictus.</span> <span class='ocrx_word' id='word_1_62' title='bbox 783 1149 1103 1223; x_wconf 75' lang='lat' dir='ltr'>Dictator,</span> <span class='ocrx_word' id='word_1_63' title='bbox 1154 1154 1538 1229; x_wconf 87' lang='lat' dir='ltr'>recuperata</span> <span class='ocrx_word' id='word_1_64' title='bbox 1597 1168 1681 1210; x_wconf 86' lang='lat' dir='ltr'>ex</span> <span class='ocrx_word' id='word_1_65' title='bbox 1742 1147 2041 1210; x_wconf 81' lang='lat' dir='ltr'>hostibus</span> <span class='ocrx_word' id='word_1_66' title='bbox 2101 1146 2337 1228; x_wconf 87' lang='lat' dir='ltr'>patria,</span> <span class='ocrx_word' id='word_1_67' title='bbox 2394 1144 2510 1208; x_wconf 90' lang='lat' dir='ltr'>tri-</span> 
     </span>
     <span class='ocr_line' id='line_1_11' title="bbox 412 1245 2508 1328; baseline -0 -20"><span class='ocrx_word' id='word_1_68' title='bbox 412 1248 739 1327; x_wconf 90' lang='lat' dir='ltr'>umphans</span> <span class='ocrx_word' id='word_1_69' title='bbox 783 1248 851 1310; x_wconf 90' lang='lat' dir='ltr'>in</span> <span class='ocrx_word' id='word_1_70' title='bbox 897 1248 1125 1310; x_wconf 90' lang='lat' dir='ltr'>urbem</span> <span class='ocrx_word' id='word_1_71' title='bbox 1171 1248 1360 1323; x_wconf 89' lang='lat' dir='ltr'>redit,</span> <span class='ocrx_word' id='word_1_72' title='bbox 1408 1248 1711 1328; x_wconf 89' lang='lat' dir='ltr'>interque</span> <span class='ocrx_word' id='word_1_73' title='bbox 1756 1246 1930 1310; x_wconf 91' lang='lat' dir='ltr'>iocos</span> <span class='ocrx_word' id='word_1_74' title='bbox 1977 1245 2293 1322; x_wconf 74' lang='lat' dir='ltr'>militariS‚</span> <span class='ocrx_word' id='word_1_75' title='bbox 2342 1265 2508 1325; x_wconf 90' lang='lat' dir='ltr'>quos</span> 
     </span>
     <span class='ocr_line' id='line_1_12' title="bbox 412 1344 2510 1427; baseline -0.001 -20"><span class='ocrx_word' id='word_1_76' title='bbox 412 1347 779 1410; x_wconf 90' lang='lat' dir='ltr'>inconditos</span> <span class='ocrx_word' id='word_1_77' title='bbox 838 1344 1104 1424; x_wconf 86' lang='lat' dir='ltr'>iaciunt,</span> <span class='ocrx_word' id='word_1_78' title='bbox 1168 1347 1490 1410; x_wconf 88' lang='lat' dir='ltr'>Romulus</span> <span class='ocrx_word' id='word_1_79' title='bbox 1551 1368 1624 1409; x_wconf 89' lang='lat' dir='ltr'>ac</span> <span class='ocrx_word' id='word_1_80' title='bbox 1685 1366 1919 1427; x_wconf 88' lang='lat' dir='ltr'>parens</span> <span class='ocrx_word' id='word_1_81' title='bbox 1978 1345 2230 1425; x_wconf 84' lang='lat' dir='ltr'>patriae</span> <span class='ocrx_word' id='word_1_82' title='bbox 2289 1344 2510 1407; x_wconf 91' lang='lat' dir='ltr'>condi-</span> 
     </span>
     <span class='ocr_line' id='line_1_13' title="bbox 412 1444 2378 1527; baseline -0.003 -17"><span class='ocrx_word' id='word_1_83' title='bbox 412 1453 646 1527; x_wconf 87' lang='lat' dir='ltr'>torque</span> <span class='ocrx_word' id='word_1_84' title='bbox 688 1446 852 1509; x_wconf 89' lang='lat' dir='ltr'>alter</span> <span class='ocrx_word' id='word_1_85' title='bbox 892 1447 1070 1509; x_wconf 93' lang='lat' dir='ltr'>urbis</span> <span class='ocrx_word' id='word_1_86' title='bbox 1111 1446 1286 1510; x_wconf 89' lang='lat' dir='ltr'>haud</span> <span class='ocrx_word' id='word_1_87' title='bbox 1331 1446 1519 1510; x_wconf 90' lang='lat' dir='ltr'>vanis</span> <span class='ocrx_word' id='word_1_88' title='bbox 1561 1445 1864 1508; x_wconf 86' lang='lat' dir='ltr'>laudibus</span> <span class='ocrx_word' id='word_1_89' title='bbox 1905 1444 2378 1525; x_wconf 88' lang='lat' dir='ltr'>appellabatur.</span> 
     </span>
    </p>

    <p class='ocr_par' dir='ltr' id='par_1_6' title="bbox 345 1542 2512 1826">
     <span class='ocr_line' id='line_1_14' title="bbox 345 1542 2509 1625; baseline -0.003 -14"><span class='ocrx_word' id='word_1_90' title='bbox 345 1565 379 1611; x_wconf 87' lang='lat'>8</span> <span class='ocrx_word' id='word_1_91' title='bbox 535 1546 881 1611; x_wconf 88' lang='lat' dir='ltr'>Servatam</span> <span class='ocrx_word' id='word_1_92' title='bbox 922 1545 1156 1610; x_wconf 91' lang='lat' dir='ltr'>deinde</span> <span class='ocrx_word' id='word_1_93' title='bbox 1199 1546 1366 1609; x_wconf 93' lang='lat' dir='ltr'>bello</span> <span class='ocrx_word' id='word_1_94' title='bbox 1409 1546 1695 1625; x_wconf 90' lang='lat' dir='ltr'>patriam</span> <span class='ocrx_word' id='word_1_95' title='bbox 1737 1545 1976 1608; x_wconf 86' lang='lat' dir='ltr'>iterum</span> <span class='ocrx_word' id='word_1_96' title='bbox 2016 1544 2086 1608; x_wconf 94' lang='lat' dir='ltr'>in</span> <span class='ocrx_word' id='word_1_97' title='bbox 2126 1564 2286 1625; x_wconf 88' lang='lat' dir='ltr'>pace</span> <span class='ocrx_word' id='word_1_98' title='bbox 2328 1542 2509 1606; x_wconf 90' lang='lat' dir='ltr'>haud</span> 
     </span>
     <span class='ocr_line' id='line_1_15' title="bbox 410 1641 2506 1726; baseline -0.002 -17"><span class='ocrx_word' id='word_1_99' title='bbox 410 1645 609 1709; x_wconf 93' lang='lat' dir='ltr'>dubie</span> <span class='ocrx_word' id='word_1_100' title='bbox 647 1645 958 1722; x_wconf 89' lang='lat' dir='ltr'>servavit,</span> <span class='ocrx_word' id='word_1_101' title='bbox 1002 1666 1150 1709; x_wconf 89' lang='lat' dir='ltr'>cum</span> <span class='ocrx_word' id='word_1_102' title='bbox 1192 1646 1527 1726; x_wconf 89' lang='lat' dir='ltr'>prohibuit</span> <span class='ocrx_word' id='word_1_103' title='bbox 1569 1644 1828 1723; x_wconf 87' lang='lat' dir='ltr'>migrari</span> <span class='ocrx_word' id='word_1_104' title='bbox 1869 1644 2062 1707; x_wconf 89' lang='lat' dir='ltr'>Veios</span> <span class='ocrx_word' id='word_1_105' title='bbox 2115 1650 2183 1707; x_wconf 89' lang='lat' dir='ltr'>et</span> <span class='ocrx_word' id='word_1_106' title='bbox 2223 1641 2506 1707; x_wconf 88' lang='lat' dir='ltr'>tribunis</span> 
     </span>
     <span class='ocr_line' id='line_1_16' title="bbox 410 1743 2512 1826; baseline -0.002 -18"><span class='ocrx_word' id='word_1_107' title='bbox 410 1767 548 1810; x_wconf 91' lang='lat' dir='ltr'>rem</span> <span class='ocrx_word' id='word_1_108' title='bbox 604 1746 921 1809; x_wconf 88' lang='lat' dir='ltr'>intentius</span> <span class='ocrx_word' id='word_1_109' title='bbox 980 1746 1323 1825; x_wconf 85' lang='lat' dir='ltr'>agentibus</span> <span class='ocrx_word' id='word_1_110' title='bbox 1380 1752 1531 1826; x_wconf 91' lang='lat' dir='ltr'>post</span> <span class='ocrx_word' id='word_1_111' title='bbox 1588 1746 1920 1808; x_wconf 87' lang='lat' dir='ltr'>incensam</span> <span class='ocrx_word' id='word_1_112' title='bbox 1978 1743 2212 1807; x_wconf 87' lang='lat' dir='ltr'>urbam</span> <span class='ocrx_word' id='word_1_113' title='bbox 2267 1749 2337 1806; x_wconf 90' lang='lat' dir='ltr'>et</span> <span class='ocrx_word' id='word_1_114' title='bbox 2395 1763 2512 1823; x_wconf 92' lang='lat' dir='ltr'>per</span> 
     </span>
    </p>

    <p class='ocr_par' dir='ltr' id='par_1_7' title="bbox 344 1843 2511 2211">
     <span class='ocr_line' id='line_1_17' title="bbox 344 1843 2511 1926; baseline -0.003 -15"><span class='ocrx_word' id='word_1_115' title='bbox 344 1868 374 1911; x_wconf 86' lang='lat'>9</span> <span class='ocrx_word' id='word_1_116' title='bbox 408 1867 477 1910; x_wconf 93' lang='lat' dir='ltr'>se</span> <span class='ocrx_word' id='word_1_117' title='bbox 527 1846 841 1910; x_wconf 89' lang='lat' dir='ltr'>inclinata</span> <span class='ocrx_word' id='word_1_118' title='bbox 891 1846 1095 1925; x_wconf 86' lang='lat' dir='ltr'>magis</span> <span class='ocrx_word' id='word_1_119' title='bbox 1145 1846 1333 1926; x_wconf 90' lang='lat' dir='ltr'>plebe</span> <span class='ocrx_word' id='word_1_120' title='bbox 1385 1845 1468 1908; x_wconf 91' lang='lat' dir='ltr'>ad</span> <span class='ocrx_word' id='word_1_121' title='bbox 1518 1845 1585 1908; x_wconf 92' lang='lat' dir='ltr'>id</span> <span class='ocrx_word' id='word_1_122' title='bbox 1637 1843 2002 1921; x_wconf 79' lang='lat' dir='ltr'>consilium3</span> <span class='ocrx_word' id='word_1_123' title='bbox 2052 1863 2259 1925; x_wconf 87' lang='lat' dir='ltr'>eaque</span> <span class='ocrx_word' id='word_1_124' title='bbox 2309 1862 2511 1905; x_wconf 86' lang='lat' dir='ltr'>causa</span> 
     </span>
     <span class='ocr_line' id='line_1_18' title="bbox 409 1942 2511 2031; baseline -0.003 -22"><span class='ocrx_word' id='word_1_125' title='bbox 409 1947 536 2009; x_wconf 89' lang='lat' dir='ltr'>fuit</span> <span class='ocrx_word' id='word_1_126' title='bbox 581 1968 713 2010; x_wconf 91' lang='lat' dir='ltr'>non</span> <span class='ocrx_word' id='word_1_127' title='bbox 759 1945 1164 2009; x_wconf 87' lang='lat' dir='ltr'>abdicandae</span> <span class='ocrx_word' id='word_1_128' title='bbox 1207 1951 1359 2025; x_wconf 88' lang='lat' dir='ltr'>post</span> <span class='ocrx_word' id='word_1_129' title='bbox 1404 1944 1815 2025; x_wconf 90' lang='lat' dir='ltr'>triumphum</span> <span class='ocrx_word' id='word_1_130' title='bbox 1860 1942 2229 2031; x_wconf 83' lang='lat' dir='ltr'>dictaturae</span> <span class='ocrx_word' id='word_1_131' title='bbox 2271 1948 2511 2005; x_wconf 87' lang='lat' dir='ltr'>senatu</span> 
     </span>
     <span class='ocr_line' id='line_1_19' title="bbox 408 2041 2507 2126; baseline -0.002 -17"><span class='ocrx_word' id='word_1_132' title='bbox 408 2046 808 2123; x_wconf 85' lang='lat' dir='ltr'>obsecrante,</span> <span class='ocrx_word' id='word_1_133' title='bbox 885 2066 967 2109; x_wconf 90' lang='lat' dir='ltr'>ne</span> <span class='ocrx_word' id='word_1_134' title='bbox 1039 2066 1176 2109; x_wconf 90' lang='lat' dir='ltr'>rem</span> <span class='ocrx_word' id='word_1_135' title='bbox 1248 2044 1580 2126; x_wconf 89' lang='lat' dir='ltr'>publicam</span> <span class='ocrx_word' id='word_1_136' title='bbox 1653 2042 1722 2107; x_wconf 91' lang='lat' dir='ltr'>in</span> <span class='ocrx_word' id='word_1_137' title='bbox 1793 2042 2042 2107; x_wconf 88' lang='lat' dir='ltr'>incerto</span> <span class='ocrx_word' id='word_1_138' title='bbox 2113 2041 2507 2123; x_wconf 89' lang='lat' dir='ltr'>relinqueret</span> 
     </span>
     <span class='ocr_line' id='line_1_20' title="bbox 406 2153 607 2211; baseline -0.01 0"><span class='ocrx_word' id='word_1_139' title='bbox 406 2153 607 2211; x_wconf 86' lang='lat' dir='ltr'>statu.</span> 
     </span>
    </p>
   </div>
   <div class='ocr_carea' id='block_1_4' title="bbox 1506 2293 2512 2415">
    <p class='ocr_par' dir='ltr' id='par_1_8' title="bbox 1506 2293 2512 2415">
     <span class='ocr_line' id='line_1_21' title="bbox 1570 2293 2512 2348; baseline -0.003 -6"><span class='ocrx_word' id='word_1_140' title='bbox 1570 2296 1684 2342; x_wconf 82' lang='lat' dir='ltr'>Non</span> <span class='ocrx_word' id='word_1_141' title='bbox 1729 2296 1835 2341; x_wconf 68' lang='lat' dir='ltr'>sine</span> <span class='ocrx_word' id='word_1_142' title='bbox 1879 2307 2026 2343; x_wconf 71' lang='lat' dir='ltr'>cauca</span> <span class='ocrx_word' id='word_1_143' title='bbox 2079 2295 2155 2341; x_wconf 76' lang='lat' dir='ltr'>dii</span> <span class='ocrx_word' id='word_1_144' title='bbox 2207 2293 2512 2348; x_wconf 72' lang='lat' dir='ltr'>hominesque</span> 
     </span>
     <span class='ocr_line' id='line_1_22' title="bbox 1506 2365 2506 2415; baseline -0.002 -7"><span class='ocrx_word' id='word_1_145' title='bbox 1506 2366 1632 2409; x_wconf 80' lang='lat' dir='ltr'>hunc</span> <span class='ocrx_word' id='word_1_146' title='bbox 1662 2366 1770 2408; x_wconf 82' lang='lat' dir='ltr'>urbi</span> <span class='ocrx_word' id='word_1_147' title='bbox 1795 2367 2061 2408; x_wconf 79' lang='lat' dir='ltr'>condendae</span> <span class='ocrx_word' id='word_1_148' title='bbox 2082 2365 2233 2408; x_wconf 87' lang='lat' dir='ltr'>locum</span> <span class='ocrx_word' id='word_1_149' title='bbox 2255 2365 2506 2415; x_wconf 67' lang='lat' dir='ltr'>decerunt.</span> 
     </span>
    </p>
   </div>
   <div class='ocr_carea' id='block_1_5' title="bbox 406 2296 1408 2418">
    <p class='ocr_par' dir='ltr' id='par_1_9' title="bbox 406 2296 1408 2418">
     <span class='ocr_line' id='line_1_23' title="bbox 471 2296 1408 2349; baseline 0 -8"><span class='ocrx_word' id='word_1_150' title='bbox 471 2300 519 2342; x_wconf 77' lang='grc'>6.</span> <span class='ocrx_word' id='word_1_151' title='bbox 552 2299 784 2343; x_wconf 76' lang='lat' dir='ltr'>iustiore</span> <span class='ocrx_word' id='word_1_152' title='bbox 817 2328 831 2343; x_wconf 90' lang='lat'><strong>.</strong></span> <span class='ocrx_word' id='word_1_153' title='bbox 864 2329 877 2342; x_wconf 88' lang='lat'><strong>.</strong></span> <span class='ocrx_word' id='word_1_154' title='bbox 912 2329 925 2342; x_wconf 91' lang='lat'><strong>.</strong></span> <span class='ocrx_word' id='word_1_155' title='bbox 954 2297 1186 2349; x_wconf 63' lang='lat' dir='ltr'>proelio}</span> <span class='ocrx_word' id='word_1_156' title='bbox 1213 2296 1291 2342; x_wconf 68' lang='lat' dir='ltr'>Le.</span> <span class='ocrx_word' id='word_1_157' title='bbox 1322 2297 1408 2341; x_wconf 87' lang='lat' dir='ltr'>the</span> 
     </span>
     <span class='ocr_line' id='line_1_24' title="bbox 406 2367 1408 2418; baseline -0.004 -8"><span class='ocrx_word' id='word_1_158' title='bbox 406 2367 585 2410; x_wconf 84' lang='lat' dir='ltr'>second</span> <span class='ocrx_word' id='word_1_159' title='bbox 629 2370 898 2409; x_wconf 84' lang='lat' dir='ltr'>encounter</span> <span class='ocrx_word' id='word_1_160' title='bbox 940 2377 1041 2408; x_wconf 83' lang='lat' dir='ltr'>was</span> <span class='ocrx_word' id='word_1_161' title='bbox 1083 2376 1219 2410; x_wconf 88' lang='lat' dir='ltr'>more</span> <span class='ocrx_word' id='word_1_162' title='bbox 1263 2377 1408 2418; x_wconf 89' lang='lat' dir='ltr'>prop-</span> 
     </span>
    </p>
   </div>
   <div class='ocr_carea' id='block_1_6' title="bbox 402 2432 1407 3084">
    <p class='ocr_par' dir='ltr' id='par_1_10' title="bbox 407 2432 776 2484">
     <span class='ocr_line' id='line_1_25' title="bbox 407 2432 776 2484; baseline 0.003 -9"><span class='ocrx_word' id='word_1_163' title='bbox 407 2433 509 2484; x_wconf 79' lang='lat' dir='ltr'>erly</span> <span class='ocrx_word' id='word_1_164' title='bbox 541 2443 571 2474; x_wconf 83' lang='lat' dir='ltr'>a</span> <span class='ocrx_word' id='word_1_165' title='bbox 602 2432 776 2476; x_wconf 82' lang='lat' dir='ltr'>battle.</span> 
     </span>
    </p>

    <p class='ocr_par' dir='ltr' id='par_1_11' title="bbox 406 2499 1406 2746">
     <span class='ocr_line' id='line_1_26' title="bbox 470 2499 1406 2550; baseline 0 -8"><span class='ocrx_word' id='word_1_166' title='bbox 470 2501 518 2543; x_wconf 79' lang='grc'>7.</span> <span class='ocrx_word' id='word_1_167' title='bbox 551 2499 811 2550; x_wconf 76' lang='lat' dir='ltr'>interque</span> <span class='ocrx_word' id='word_1_168' title='bbox 840 2528 853 2542; x_wconf 89' lang='lat'>.</span> <span class='ocrx_word' id='word_1_169' title='bbox 882 2528 895 2543; x_wconf 89' lang='lat'><strong>.</strong></span> <span class='ocrx_word' id='word_1_170' title='bbox 925 2528 939 2542; x_wconf 90' lang='lat'>.</span> <span class='ocrx_word' id='word_1_171' title='bbox 962 2499 1205 2543; x_wconf 72' lang='lat' dir='ltr'>laniunt:</span> <span class='ocrx_word' id='word_1_172' title='bbox 1232 2500 1406 2542; x_wconf 77' lang='lat' dir='ltr'>“amid</span> 
     </span>
     <span class='ocr_line' id='line_1_27' title="bbox 407 2566 1404 2616; baseline 0 -7"><span class='ocrx_word' id='word_1_173' title='bbox 407 2566 492 2609; x_wconf 85' lang='lat' dir='ltr'>the</span> <span class='ocrx_word' id='word_1_174' title='bbox 525 2566 681 2616; x_wconf 80' lang='lat' dir='ltr'>rough</span> <span class='ocrx_word' id='word_1_175' title='bbox 715 2567 837 2616; x_wconf 83' lang='lat' dir='ltr'>jests</span> <span class='ocrx_word' id='word_1_176' title='bbox 872 2566 1033 2609; x_wconf 84' lang='lat' dir='ltr'>which</span> <span class='ocrx_word' id='word_1_177' title='bbox 1068 2567 1155 2610; x_wconf 84' lang='lat' dir='ltr'>the</span> <span class='ocrx_word' id='word_1_178' title='bbox 1189 2566 1404 2615; x_wconf 80' lang='lat' dir='ltr'>soldiers,</span> 
     </span>
     <span class='ocr_line' id='line_1_28' title="bbox 406 2633 1404 2686; baseline 0 -10"><span class='ocrx_word' id='word_1_179' title='bbox 406 2645 461 2676; x_wconf 83' lang='lat' dir='ltr'>as</span> <span class='ocrx_word' id='word_1_180' title='bbox 507 2634 547 2676; x_wconf 79' lang='lat' dir='ltr'>is</span> <span class='ocrx_word' id='word_1_181' title='bbox 596 2633 723 2677; x_wconf 85' lang='lat' dir='ltr'>their</span> <span class='ocrx_word' id='word_1_182' title='bbox 781 2633 989 2684; x_wconf 79' lang='lat' dir='ltr'>fashion,</span> <span class='ocrx_word' id='word_1_183' title='bbox 1054 2636 1194 2686; x_wconf 82' lang='lat' dir='ltr'>flung</span> <span class='ocrx_word' id='word_1_184' title='bbox 1250 2634 1404 2677; x_wconf 80' lang='lat' dir='ltr'>about</span> 
     </span>
     <span class='ocr_line' id='line_1_29' title="bbox 406 2700 997 2746; baseline 0.002 -3"><span class='ocrx_word' id='word_1_185' title='bbox 406 2700 592 2744; x_wconf 88' lang='lat' dir='ltr'>them.’&#39;</span> <span class='ocrx_word' id='word_1_186' title='bbox 660 2701 730 2745; x_wconf 73' lang='lat' dir='ltr'>cf.</span> <span class='ocrx_word' id='word_1_187' title='bbox 764 2703 809 2744; x_wconf 89' lang='lat'>3.</span> <span class='ocrx_word' id='word_1_188' title='bbox 844 2704 919 2746; x_wconf 84' lang='lat'>29.</span> <span class='ocrx_word' id='word_1_189' title='bbox 952 2703 997 2744; x_wconf 89' lang='grc'>5.</span> 
     </span>
    </p>

    <p class='ocr_par' dir='ltr' id='par_1_12' title="bbox 402 2767 1407 3084">
     <span class='ocr_line' id='line_1_30' title="bbox 468 2767 1407 2819; baseline 0 -9"><span class='ocrx_word' id='word_1_190' title='bbox 468 2769 517 2810; x_wconf 86' lang='grc'>8.</span> <span class='ocrx_word' id='word_1_191' title='bbox 552 2768 783 2819; x_wconf 62' lang='lat' dir='ltr'>migrari</span> <span class='ocrx_word' id='word_1_192' title='bbox 815 2767 1001 2813; x_wconf 75' lang='lat' dir='ltr'>Velosz</span> <span class='ocrx_word' id='word_1_193' title='bbox 1047 2767 1308 2810; x_wconf 83' lang='lat' dir='ltr'>“removal</span> <span class='ocrx_word' id='word_1_194' title='bbox 1352 2771 1407 2810; x_wconf 89' lang='lat' dir='ltr'>to</span> 
     </span>
     <span class='ocr_line' id='line_1_31' title="bbox 406 2834 1405 2884; baseline 0 -7"><span class='ocrx_word' id='word_1_195' title='bbox 406 2834 561 2877; x_wconf 86' lang='lat' dir='ltr'>Veii.&#39;&#39;</span> <span class='ocrx_word' id='word_1_196' title='bbox 626 2834 741 2876; x_wconf 86' lang='lat' dir='ltr'>This</span> <span class='ocrx_word' id='word_1_197' title='bbox 770 2834 869 2876; x_wconf 84' lang='lat' dir='ltr'>had</span> <span class='ocrx_word' id='word_1_198' title='bbox 901 2834 1025 2876; x_wconf 89' lang='lat' dir='ltr'>been</span> <span class='ocrx_word' id='word_1_199' title='bbox 1056 2834 1207 2884; x_wconf 89' lang='lat' dir='ltr'>urged</span> <span class='ocrx_word' id='word_1_200' title='bbox 1238 2834 1405 2877; x_wconf 84' lang='lat' dir='ltr'>before</span> 
     </span>
     <span class='ocr_line' id='line_1_32' title="bbox 405 2901 1405 2952; baseline 0.001 -9"><span class='ocrx_word' id='word_1_201' title='bbox 405 2901 472 2952; x_wconf 85' lang='lat' dir='ltr'>by</span> <span class='ocrx_word' id='word_1_202' title='bbox 508 2901 593 2944; x_wconf 82' lang='lat' dir='ltr'>the</span> <span class='ocrx_word' id='word_1_203' title='bbox 629 2901 849 2944; x_wconf 82' lang='lat' dir='ltr'>tribunes</span> <span class='ocrx_word' id='word_1_204' title='bbox 885 2902 935 2943; x_wconf 85' lang='lat' dir='ltr'>in</span> <span class='ocrx_word' id='word_1_205' title='bbox 974 2902 1064 2943; x_wconf 87' lang='grc'>395</span> <span class='ocrx_word' id='word_1_206' title='bbox 1100 2912 1149 2943; x_wconf 81' lang='grc' dir='ltr'>Β.</span> <span class='ocrx_word' id='word_1_207' title='bbox 1188 2912 1231 2943; x_wconf 93' lang='lat' dir='ltr'>c.</span> <span class='ocrx_word' id='word_1_208' title='bbox 1302 2901 1405 2944; x_wconf 88' lang='lat' dir='ltr'>The</span> 
     </span>
     <span class='ocr_line' id='line_1_33' title="bbox 404 2966 1404 3018; baseline 0 -8"><span class='ocrx_word' id='word_1_209' title='bbox 404 2967 651 3018; x_wconf 82' lang='lat' dir='ltr'>following</span> <span class='ocrx_word' id='word_1_210' title='bbox 698 2968 739 3009; x_wconf 89' lang='lat' dir='ltr'>is</span> <span class='ocrx_word' id='word_1_211' title='bbox 788 2967 957 3018; x_wconf 80' lang='lat' dir='ltr'>Livy&#39;s</span> <span class='ocrx_word' id='word_1_212' title='bbox 1003 2971 1169 3018; x_wconf 86' lang='lat' dir='ltr'>report</span> <span class='ocrx_word' id='word_1_213' title='bbox 1219 2967 1271 3008; x_wconf 80' lang='lat' dir='ltr'>of</span> <span class='ocrx_word' id='word_1_214' title='bbox 1319 2966 1404 3010; x_wconf 82' lang='lat' dir='ltr'>the</span> 
     </span>
     <span class='ocr_line' id='line_1_34' title="bbox 402 3033 1400 3084; baseline 0 -8"><span class='ocrx_word' id='word_1_215' title='bbox 402 3033 600 3076; x_wconf 84' lang='lat' dir='ltr'>natural</span> <span class='ocrx_word' id='word_1_216' title='bbox 623 3033 931 3083; x_wconf 81' lang='lat' dir='ltr'>advantages</span> <span class='ocrx_word' id='word_1_217' title='bbox 955 3033 1106 3084; x_wconf 83' lang='lat' dir='ltr'>urged</span> <span class='ocrx_word' id='word_1_218' title='bbox 1130 3033 1206 3075; x_wconf 84' lang='lat' dir='ltr'>for</span> <span class='ocrx_word' id='word_1_219' title='bbox 1224 3033 1400 3076; x_wconf 88' lang='lat' dir='ltr'>Rome:</span> 
     </span>
    </p>
   </div>
   <div class='ocr_carea' id='block_1_7' title="bbox 1505 2433 2510 2752">
    <p class='ocr_par' dir='ltr' id='par_1_13' title="bbox 1505 2433 2510 2752">
     <span class='ocr_line' id='line_1_35' title="bbox 1505 2433 2510 2484; baseline -0.004 -7"><span class='ocrx_word' id='word_1_220' title='bbox 1505 2433 1838 2477; x_wconf 57' lang='lat' dir='ltr'>saluberrime</span> <span class='ocrx_word' id='word_1_221' title='bbox 1878 2433 2029 2483; x_wconf 69' lang='lat' dir='ltr'>colles,</span> <span class='ocrx_word' id='word_1_222' title='bbox 2065 2433 2244 2484; x_wconf 75' lang='lat' dir='ltr'>flumen</span> <span class='ocrx_word' id='word_1_223' title='bbox 2282 2433 2510 2483; x_wconf 79' lang='lat' dir='ltr'>opportu-</span> 
     </span>
     <span class='ocr_line' id='line_1_36' title="bbox 1506 2497 2508 2552; baseline -0.001 -9"><span class='ocrx_word' id='word_1_224' title='bbox 1506 2512 1638 2550; x_wconf 82' lang='lat' dir='ltr'>num.</span> <span class='ocrx_word' id='word_1_225' title='bbox 1697 2512 1788 2552; x_wconf 80' lang='lat' dir='ltr'>quo</span> <span class='ocrx_word' id='word_1_226' title='bbox 1850 2511 1907 2542; x_wconf 80' lang='lat' dir='ltr'>ex</span> <span class='ocrx_word' id='word_1_227' title='bbox 1970 2499 2325 2542; x_wconf 73' lang='lat' dir='ltr'>mediterraneis</span> <span class='ocrx_word' id='word_1_228' title='bbox 2389 2497 2508 2542; x_wconf 70' lang='lat' dir='ltr'>locis</span> 
     </span>
     <span class='ocr_line' id='line_1_37' title="bbox 1505 2565 2506 2619; baseline -0.003 -8"><span class='ocrx_word' id='word_1_229' title='bbox 1505 2569 1662 2619; x_wconf 68' lang='lat' dir='ltr'>trunca</span> <span class='ocrx_word' id='word_1_230' title='bbox 1687 2567 1984 2615; x_wconf 76' lang='lat' dir='ltr'>devehantur.</span> <span class='ocrx_word' id='word_1_231' title='bbox 2010 2578 2100 2619; x_wconf 79' lang='lat' dir='ltr'>quo</span> <span class='ocrx_word' id='word_1_232' title='bbox 2121 2565 2358 2610; x_wconf 65' lang='lat' dir='ltr'>maritimi</span> <span class='ocrx_word' id='word_1_233' title='bbox 2379 2577 2506 2609; x_wconf 89' lang='lat' dir='ltr'>com-</span> 
     </span>
     <span class='ocr_line' id='line_1_38' title="bbox 1505 2634 2507 2686; baseline -0.001 -8"><span class='ocrx_word' id='word_1_234' title='bbox 1505 2637 1687 2678; x_wconf 66' lang='lat' dir='ltr'>meatus</span> <span class='ocrx_word' id='word_1_235' title='bbox 1743 2635 2059 2686; x_wconf 75' lang='lat' dir='ltr'>accipiantur,</span> <span class='ocrx_word' id='word_1_236' title='bbox 2116 2645 2246 2677; x_wconf 81' lang='lat' dir='ltr'>mare</span> <span class='ocrx_word' id='word_1_237' title='bbox 2290 2634 2507 2677; x_wconf 69' lang='lat' dir='ltr'>vicinum</span> 
     </span>
     <span class='ocr_line' id='line_1_39' title="bbox 1505 2700 2509 2752; baseline -0.001 -7"><span class='ocrx_word' id='word_1_238' title='bbox 1505 2704 1569 2745; x_wconf 81' lang='lat' dir='ltr'>ad</span> <span class='ocrx_word' id='word_1_239' title='bbox 1589 2702 1934 2745; x_wconf 68' lang='lat' dir='ltr'>commoditates</span> <span class='ocrx_word' id='word_1_240' title='bbox 1955 2713 2039 2744; x_wconf 82' lang='lat' dir='ltr'>nec</span> <span class='ocrx_word' id='word_1_241' title='bbox 2059 2701 2325 2752; x_wconf 68' lang='lat' dir='ltr'>expositum</span> <span class='ocrx_word' id='word_1_242' title='bbox 2346 2700 2509 2744; x_wconf 77' lang='lat' dir='ltr'>nimia</span> 
     </span>
    </p>
   </div>
   <div class='ocr_carea' id='block_1_8' title="bbox 1478 2767 2506 2820">
    <p class='ocr_par' dir='ltr' id='par_1_14' title="bbox 1478 2767 2506 2820">
     <span class='ocr_line' id='line_1_40' title="bbox 1478 2767 2506 2820; baseline -0.014 2"><span class='ocrx_word' id='word_1_243' title='bbox 1478 2768 1859 2820; x_wconf 58' lang='lat' dir='ltr'>propinquitate</span> <span class='ocrx_word' id='word_1_244' title='bbox 1907 2769 1971 2811; x_wconf 82' lang='lat' dir='ltr'>ad</span> <span class='ocrx_word' id='word_1_245' title='bbox 2016 2768 2231 2819; x_wconf 72' lang='lat' dir='ltr'>pericula</span> <span class='ocrx_word' id='word_1_246' title='bbox 2275 2767 2506 2810; x_wconf 66' lang='lat' dir='ltr'>classium</span> 
     </span>
    </p>
   </div>
   <div class='ocr_carea' id='block_1_9' title="bbox 1503 2832 2507 3018">
    <p class='ocr_par' dir='ltr' id='par_1_15' title="bbox 1503 2832 2507 3018">
     <span class='ocr_line' id='line_1_41' title="bbox 1503 2832 2503 2886; baseline -0.003 -8"><span class='ocrx_word' id='word_1_247' title='bbox 1503 2837 1814 2884; x_wconf 78' lang='lat' dir='ltr'>externarum,</span> <span class='ocrx_word' id='word_1_248' title='bbox 1831 2835 2066 2886; x_wconf 68' lang='lat' dir='ltr'>racionem</span> <span class='ocrx_word' id='word_1_249' title='bbox 2087 2834 2259 2878; x_wconf 78' lang='lat' dir='ltr'>Italiae</span> <span class='ocrx_word' id='word_1_250' title='bbox 2278 2832 2503 2883; x_wconf 80' lang='lat' dir='ltr'>mediam.</span> 
     </span>
     <span class='ocr_line' id='line_1_42' title="bbox 1503 2900 2507 2945; baseline 0.001 -1"><span class='ocrx_word' id='word_1_251' title='bbox 1503 2903 1566 2944; x_wconf 84' lang='lat' dir='ltr'>ad</span> <span class='ocrx_word' id='word_1_252' title='bbox 1607 2903 1946 2945; x_wconf 81' lang='lat' dir='ltr'>incrementum</span> <span class='ocrx_word' id='word_1_253' title='bbox 1987 2900 2120 2945; x_wconf 71' lang='lat' dir='ltr'>urbis</span> <span class='ocrx_word' id='word_1_254' title='bbox 2161 2901 2330 2944; x_wconf 76' lang='lat' dir='ltr'>natum</span> <span class='ocrx_word' id='word_1_255' title='bbox 2362 2900 2507 2945; x_wconf 81' lang='lat' dir='ltr'>unice</span> 
     </span>
     <span class='ocr_line' id='line_1_43' title="bbox 1503 2968 1892 3018; baseline 0.003 -7"><span class='ocrx_word' id='word_1_256' title='bbox 1503 2969 1655 3012; x_wconf 88' lang='lat' dir='ltr'>locum</span> <span class='ocrx_word' id='word_1_257' title='bbox 1693 2970 1788 3018; x_wconf 87' lang='lat'>(54.</span> <span class='ocrx_word' id='word_1_258' title='bbox 1825 2968 1892 3018; x_wconf 83' lang='lat'>4).</span> 
     </span>
    </p>
   </div>
  </div>
 </body>
</html>
