2925 4375
388 953 444 993 13
480 957 613 998 non
644 940 1009 998 servantur.

384 1553 443 1594 15
478 1533 907 1612 ignominiosa
953 1532 1197 1593 deditio
1246 1536 1365 1593 est.

383 1751 443 1793 16
476 1752 827 1795 servemus.

487 258 586 309 144

1411 248 1478 303 T.
1514 248 1674 304 LIVI

2403 252 2478 307 iv.
2519 254 2581 305 10

480 435 765 517 patriam
811 432 1022 509 video,
1069 430 1173 494 hic
1219 430 1539 512 quidquid
1588 432 2038 497 Romanarum
2083 432 2408 513 legionum
2453 441 2578 511 est:

483 555 650 617 quae
706 533 828 597 nisi
883 554 1001 613 pro
1056 552 1124 595 se
1180 531 1336 612 ipsis
1392 530 1477 593 ad
1535 538 1812 595 mortem
1868 553 2051 596 ruere
2109 533 2360 609 volunt,
2421 534 2577 615 quid

389 652 447 692 12
480 635 747 713 habent,
814 632 990 715 quod
1056 638 1267 695 morte
1328 652 1451 695 sua
1510 635 1811 696 servent?
1895 633 2099 696 Tecta
2161 634 2361 709 urbis,
2399 633 2578 697 dicat

482 734 735 816 aliquiS,
778 739 846 796 et
886 732 1145 796 moenia
1182 737 1251 794 et
1289 751 1436 795 eam
1477 732 1765 810 turbam,
1808 753 1849 796 a
1887 754 2020 814 qua
2057 733 2213 796 urbs
2252 732 2572 796 incolitur.

482 834 696 897 Immo
731 833 989 897 hercule
1035 831 1405 915 produntur
1448 850 1529 895 ea
1572 832 1795 895 omnia
1838 832 2053 895 deleto
2098 832 2221 896 hoc
2267 834 2575 910 exercitu,

481 1134 815 1198 Gallorum
842 1134 1097 1213 impetu
1121 1132 1433 1194 defendit.

387 1253 445 1293 14
480 1233 746 1314 lumque
781 1234 1014 1295 ducem
1060 1231 1547 1312 implorabunt?

1101 932 1261 1008 Quis
1309 931 1484 994 enim
1533 952 1612 994 ea
1660 932 1991 995 tuebitur?
2076 930 2365 996 Imbellis
2401 934 2578 996 vide-

480 1034 630 1098 licet
690 1042 889 1114 atque
948 1032 1211 1095 inermis
1270 1031 1646 1094 multitudo.

1526 1132 1628 1193 An
1665 1153 1704 1194 a
1739 1132 1914 1195 Veiis
1948 1132 2308 1195 exercitum
2344 1131 2581 1195 Camil-

1736 1032 1901 1094 Tam
1960 1032 2237 1109 hercule,
2279 1053 2482 1113 quam
2539 1054 2580 1097 a

1633 1231 1758 1293 Hic
1812 1252 2038 1295 omnes
2089 1252 2237 1310 spes
2290 1251 2576 1313 opesque
2625 1274 2629 1277 -

478 1340 652 1409 sunt,
725 1354 889 1413 quas
955 1331 1277 1395 servando
1345 1331 1631 1410 patriam
1697 1351 2054 1408 servamus,
2124 1331 2424 1394 dedendo
2494 1330 2576 1394 ad

479 1453 702 1497 necem
744 1432 1028 1513 patriam
1071 1430 1425 1494 deserimus
1466 1451 1541 1493 ac
1583 1430 1938 1511 prodimus.
2029 1432 2118 1493 At
2158 1431 2353 1494 foeda
2380 1436 2578 1511 atque

1457 1530 1583 1594 Sed
1631 1550 1709 1593 ea
1757 1530 1994 1593 caritas
2041 1531 2293 1611 patriae
2339 1537 2462 1606 est,
2503 1535 2580 1594 ut

478 1639 619 1695 tam
679 1631 1034 1711 ignominia
1090 1650 1237 1693 eam
1298 1650 1498 1711 quam
1559 1637 1768 1693 morte
1828 1637 2070 1707 nostra,
2132 1630 2186 1693 si
2244 1650 2410 1710 opus
2470 1631 2574 1705 sit,

918 1731 1246 1795 Subeatur
1280 1750 1431 1809 ergo
1470 1730 1616 1805 ista,
1643 1736 2177 1810 quantacumque
2212 1735 2333 1806 est,
2371 1728 2581 1809 indig-

478 1832 670 1908 nitaS,
706 1837 774 1894 et
807 1836 1117 1912 pareatur
1150 1830 1543 1905 necessitati,
1580 1849 1781 1910 quam
1817 1849 1898 1892 ne
1932 1828 2023 1891 dii
2072 1829 2338 1909 quidem
2392 1849 2583 1908 supe-

475 1936 645 1994 rant.

736 1930 859 2007 Ite,
912 1930 1225 2006 consules,
1290 1929 1626 1991 redimite·
1668 1928 1864 1991 armis
1939 1928 2301 2007 civitatem,
2379 1948 2583 2011 quam

476 2050 636 2093 auro
679 2030 954 2093 maiores
998 2030 1198 2092 vestri
1239 2029 1696 2092 redemerunt!

601 2131 680 2193 V.
728 2130 1035 2195 Consules
1074 2129 1350 2210 profecti
1389 2128 1471 2192 ad
1513 2129 1825 2193 Pontium
1863 2129 1933 2192 in
1970 2128 2386 2210 colloquium,
2429 2148 2580 2193 cum

474 2231 557 2294 de
632 2231 891 2294 foedere
968 2231 1178 2293 victor
1254 2230 1554 2309 agitaret,
1633 2236 1956 2308 negarunt
2031 2229 2278 2293 iniussu
2354 2229 2582 2312 populi

474 2330 705 2395 foedus
749 2330 886 2393 fieri
929 2350 1117 2411 posse
1162 2350 1279 2392 nec
1324 2330 1461 2392 sine
1508 2329 1839 2392 fetialibus
1885 2329 2404 2410 caerimoniaque
2451 2329 2579 2392 alia

409 2451 441 2494 2
472 2429 787 2494 sollemni.

879 2429 1117 2510 Itaque
1174 2451 1325 2505 non,
1393 2434 1472 2490 ut
1538 2428 1734 2508 vulgo
1801 2429 2076 2491 credunt
2142 2428 2581 2508 Claudiusque

472 2531 674 2593 etiam
716 2529 963 2606 scribit,
1010 2529 1265 2592 foedere
1310 2549 1443 2608 pax
1486 2527 1800 2604 Caudina,
1845 2528 1958 2590 sed
2001 2549 2119 2608 per
2159 2528 2577 2607 sponsionem

408 2651 441 2694 6
472 2630 653 2692 facta
709 2637 829 2693 est.

919 2630 1205 2708 Tempus
1264 2629 1415 2690 inde
1475 2634 1807 2690 statutum
1854 2627 2190 2690 tradendis
2239 2627 2580 2690 obsidibus

472 2729 892 2810 exercituque
946 2727 1177 2791 inermi
1235 2726 1579 2789 mittendo.

601 2828 1101 2908 Redintegravit
1146 2827 1397 2890 luctum
1439 2827 1507 2888 in
1554 2827 1783 2890 castris
1831 2827 2172 2890 consulum
2221 2825 2573 2903 adventuS,

470 3046 729 3091 interest.”
800 3046 905 3091 The
948 3046 1104 3090 brave
1145 3055 1317 3089 course
1362 3054 1476 3088 now

469 3116 511 3158 is
544 3119 598 3158 to
630 3115 747 3158 take
779 3115 865 3158 the
896 3114 1138 3164 disgrace.

535 3184 615 3226 12.
650 3181 906 3226 turbam:
926 3191 959 3224 a
978 3181 1201 3224 soldier’s
1220 3182 1478 3231 contempt

470 3250 547 3292 tor
576 3250 815 3293 civilians..

534 3317 614 3359 is.
648 3317 759 3360 An:
784 3317 903 3358 used
927 3315 1045 3358 thus
1068 3313 1479 3364 rhetorically,an

468 3382 715 3433 regularly
742 3381 1026 3425 introduces
1054 3392 1121 3423 an
1149 3381 1359 3423 obvious
1387 3380 1479 3422 im-

470 3451 765 3503 possibility.

514 3519 613 3562 ,15.
648 3518 739 3567 At,
777 3521 892 3560 etc.:
930 3516 1017 3560 the
1037 3515 1289 3566 objection
1324 3516 1376 3558 ot
1410 3525 1477 3558 an

469 3585 744 3636 imaginary
790 3577 1062 3636 op'ponent.
1131 3583 1335 3626 carim
1380 3591 1477 3634 pe.-

468 3651 634 3694 triae:
658 3651 1032 3702 “patriotism.”
1088 3650 1177 3693 See
1198 3661 1263 3692 on
1283 3650 1323 3692 1.
1337 3650 1413 3692 34.
1425 3651 1474 3694 5.

532 3718 613 3761 ie.
646 3719 843 3762 armis:
888 3719 965 3761 i.e.
1012 3717 1179 3768 giving
1221 3716 1360 3759 them
1403 3727 1474 3769 up

1642 3045 1700 3089 V.
1736 3044 1786 3088 1.
1819 3042 2134 3089 fetialibus:
2161 3055 2242 3090 see
2265 3054 2332 3090 on
2358 3045 2408 3092 7.
2427 3045 2509 3092 32.
2538 3049 2577 3092 1.

1640 3115 1690 3156 2.
1727 3113 2016 3157 claudius:
2086 3113 2320 3157 Claudius
2369 3112 2580 3166 Quadri-

1577 3181 1755 3231 garius.
1779 3191 1811 3222 a
1835 3180 2032 3223 Roman
2053 3179 2312 3225 historiari.
2379 3182 2473 3228 See
2496 3185 2580 3227 In·-

1577 3248 1705 3291 trod.
1751 3248 1844 3290 111.
1904 3247 2293 3299 sponsionem:
2339 3247 2429 3292 the
2461 3258 2580 3292 con-

1575 3314 1677 3357 suls
1713 3313 1812 3356 and
1849 3313 1978 3356 their
2014 3314 2194 3358 official
2231 3315 2452 3358 advisers
2493 3315 2579 3359 be-

1575 3392 1715 3424 came
1781 3391 2030 3432 sponsores
2101 3382 2164 3430 (7.
2237 3383 2306 3432 9),
2369 3381 2578 3433 binding

1575 3447 1872 3491 themselves
1907 3447 2140 3499 through·
2159 3448 2254 3492 600
2299 3447 2475 3500 equites
2520 3459 2576 3491 as

1573 3515 1802 3566 hostages
1863 3518 1918 3558 to
1977 3525 2144 3558 secure
2211 3515 2455 3567 approval
2520 3519 2573 3559 at

1573 3583 1732 3626 Rome
1746 3583 1822 3625 for
1839 3582 1926 3626 the
1939 3585 2092 3625 terms
2109 3581 2287 3632 agreed
2303 3592 2455 3634 upon.
2481 3583 2576 3624 For

1571 3650 1658 3696 the
1672 3649 1876 3692 method
1893 3649 1945 3692 of
1959 3649 2046 3692 the
2059 3649 2224 3700 foedus
2239 3649 2302 3692 cf.
2325 3650 2366 3693 1.
2382 3651 2460 3692 24.
2473 3651 2571 3694 4-9.

1634 3719 1682 3759 6.
1716 3716 2098 3768 exercituque:
2159 3714 2348 3760 dative.
2443 3715 2576 3758 mit-

474 3786 556 3834 (cf.
596 3786 814 3835 inermes.
858 3785 926 3836 3),
968 3795 1023 3828 as
1062 3782 1175 3836 gold
1214 3794 1316 3826 was
1354 3783 1472 3836 pald
1568 3784 1765 3828 tendo:
1789 3794 1854 3826 sc.
1879 3784 1964 3826 sub
1985 3783 2169 3835 inuam.
2225 3783 2298 3827 Cf.
2324 3785 2369 3827 3.
2393 3783 2471 3828 28.
2498 3783 2572 3828 11.

467 3855 521 3895 to
555 3853 639 3896 the
673 3853 837 3896 Gauls.

1566 3845 1943 3894 abstinerent:
1972 3861 2037 3894 sc.
2065 3849 2256 3894 milites.
