2925 4375
423 225 494 279 38
1329 222 1399 279 Τ.
1435 220 1595 277 LIVI
2362 222 2440 290 [x.
2484 224 2521 276 7

423 412 657 488 potum
697 405 836 467 eius
862 403 1016 468 doni
1053 403 1302 484 vulgari
1345 403 1626 467 laudem.
1718 404 1887 467 Bina
1926 410 2158 485 postea
2198 404 2368 467 inter
2410 411 2519 468 tot

426 524 648 581 annoS,
691 512 794 567 tot
834 504 1000 566 bella
1037 504 1260 583 opima
1295 510 1492 585 parta
1528 509 1685 566 sunt
1722 502 1957 583 spolia;
1996 503 2159 567 adeo
2195 523 2343 567 rara
2379 504 2522 566 eius

425 605 691 667 fortuna
728 603 976 667 decoris
1014 604 1159 666 fuit.
1185 635 1199 649 ·

548 704 670 765 XI.
720 705 896 765 Dum
971 722 1051 765 ea
1142 702 1232 765 ibi
1309 702 1595 766 Romani
1685 708 1939 782 gerunt,
2020 703 2520 767 Antemnatium

424 804 746 866 exercitus
779 822 896 883 per
929 802 1334 865 occasionem
1365 821 1438 865 ac
1468 801 1887 865 solitudinem
1916 802 2238 866 hostiliter
2264 803 2331 865 in
2360 804 2522 865 fines

426 904 759 966 Romanos
803 902 1236 964 incursionem
1287 901 1465 965 facit.
1543 902 1815 981 Raptim
1850 909 1918 965 et
1956 901 2039 964 ad
2076 902 2193 964 hos
2220 903 2521 965 Romana

425 1002 586 1081 legio
623 1002 823 1065 ducta
859 1002 1116 1082 palatos
1151 1002 1219 1063 in
1256 1001 1426 1080 agris
1459 1002 1801 1081 oppressit.
1893 1002 2047 1063 Fusi
2082 1002 2280 1081 igitur
2310 1002 2521 1080 primo

425 1102 672 1182 impetu
718 1110 786 1164 et
832 1101 1111 1164 clamore
1157 1102 1397 1177 hosteS,
1443 1101 1761 1181 oppidum
1806 1108 2077 1181 captum
2088 1122 2104 1178 ;
2150 1100 2521 1182 duplicique

426 1202 699 1265 victoria
753 1210 1066 1264 ovantem
1124 1201 1481 1263 Romulum
1538 1201 1816 1263 Hersilia
1871 1202 2155 1263 coniunx
2222 1200 2522 1282 precibus

424 1309 763 1382 raptarum
801 1301 1080 1379 fatigata
1115 1308 1280 1377 orat,
1319 1308 1397 1364 ut
1431 1300 1815 1380 parentibus
1849 1320 2075 1363 earum
2110 1301 2225 1364 det
2261 1300 2519 1363 veniam

423 1409 490 1464 et
545 1402 612 1463 in
668 1401 1008 1463 civitatem
1066 1401 1372 1480 accipiat:
1426 1401 1525 1462 ita
1579 1419 1714 1461 rem
1772 1400 2123 1463 coalescere
2179 1399 2522 1463 concordia

422 1520 628 1582 posse.
721 1499 932 1562 Facile
989 1500 1438 1579 impetratum.
1530 1500 1693 1562 Inde
1758 1508 1986 1563 contra
2068 1500 2521 1564 Crustuminos

422 1600 754 1680 profectus
826 1599 1066 1661 bellum
1139 1599 1509 1662 inferentes,
1602 1599 1705 1661 Ibi
1777 1600 1992 1661 minus
2062 1600 2284 1676 etiam,
2342 1599 2517 1680 quod

425 1699 646 1762 alienis
687 1698 980 1762 cladibus
1020 1699 1387 1762 ceciderant
1430 1699 1650 1774 animi,
1682 1700 2053 1761 certaminis
2092 1700 2238 1763 fuit.
2278 1690 2287 1698 ’
2325 1700 2522 1762 Utro-

423 1818 550 1880 que
603 1799 889 1862 coloniae
942 1799 1174 1860 missae
1185 1820 1200 1874 ;
1253 1797 1471 1878 plures
1523 1799 1794 1875 inventi,
1850 1799 1962 1880 qui
2012 1808 2281 1879 propter
2326 1798 2519 1861 uber-

424 1906 632 1962 tatem
660 1905 868 1961 terrae
897 1899 965 1960 in
988 1897 1481 1961 Crustuminum
1505 1898 1772 1960 nomina
1793 1898 2045 1962 darent.
2123 1900 2212 1962 Et
2235 1900 2520 1961 Romam

422 1998 572 2061 inde
617 1989 991 2078 frequenter
1034 1998 1387 2076 migratum
1431 2005 1553 2073 est,
1602 2018 1641 2060 a
1684 1998 2068 2077 parentibus
2114 1999 2398 2061 maxime
2444 2018 2521 2061 ac

422 2098 802 2179 propinquis
842 2104 1200 2177 raptarum.

551 2200 608 2262 N
613 2199 993 2261 ovissimum
1044 2198 1127 2260 ab
1177 2197 1431 2261 Sabinis
1482 2197 1724 2260 bellum
1772 2194 2011 2275 ortum,
2063 2199 2403 2280 multoque
2450 2198 2519 2260 id

424 2298 786 2361 maximum
846 2297 1001 2375 fuit;
1063 2297 1221 2360 nihil
1281 2298 1454 2359 enim
1514 2317 1632 2378 per
1688 2298 1853 2361 iram
1914 2305 2030 2362 aut
2091 2299 2523 2379 cupiditatem

424 2409 646 2461 actum
695 2405 815 2473 est,
870 2416 984 2459 nec
1036 2396 1466 2460 ostenderunt
1518 2396 1759 2459 bellum
1808 2399 1987 2478 prius
2037 2417 2239 2479 quam
2287 2398 2526 2461 intule-

423 2505 594 2561 runt.
685 2497 963 2561 Consilio
1053 2497 1254 2560 etiam
1340 2496 1606 2560 additus
1691 2496 1895 2560 dolus,
2027 2500 2134 2578 Sp.
2205 2497 2522 2578 Tarpeius

424 2598 763 2660 Romanae
833 2604 1130 2676 praeerat
1202 2595 1351 2659 arci.
1442 2596 1657 2658 Huius
1727 2598 1928 2660 filiam
1987 2599 2300 2677 virginem
2364 2617 2524 2660 auro

425 2696 782 2776 corrumpit
852 2697 1102 2772 TatiuS‚
1174 2681 1253 2759 ut
1325 2703 1615 2759 armatos
1704 2697 1772 2759 in
1860 2717 2070 2760 arcem
2144 2697 2527 2778 accipiat—-

424 2817 665 2877 aquam
697 2796 866 2859 forte
896 2816 973 2858 ea
1003 2803 1147 2859 tum
1179 2795 1376 2858 sacris
1405 2803 1594 2858 extra
1626 2797 1881 2859 moenia
1911 2798 2195 2877 petitum
2224 2798 2390 2860 ierat
2414 2819 2526 2874 —3

422 2947 585 2993 Bina:
617 2947 958 2990 distributives
993 2944 1187 2989 instead
1225 2946 1277 2988 of
1320 2955 1423 2989 car-

422 3015 581 3058 dinals
612 3025 694 3057 are
725 3014 845 3056 used
877 3013 998 3056 with
1029 3014 1149 3057 such
1179 3014 1340 3056 words
1371 3025 1425 3056 as

422 3083 591 3133 spolia,
639 3083 806 3130 castra,
877 3082 1069 3129 litterae.
1128 3081 1287 3123 which
1343 3092 1426 3124 are

423 3149 548 3201 plur.
577 3150 629 3191 in
658 3149 785 3190 form
814 3148 948 3199 only.
1011 3148 1115 3191 The
1142 3148 1298 3190 honor
1326 3159 1428 3191 was

422 3215 661 3260 accorded
721 3217 779 3258 A.
839 3215 1089 3258 Cornelius
1145 3215 1321 3258 Cossus
1376 3215 1426 3257 In

422 3285 514 3327 428
572 3297 619 3327 B.
650 3297 695 3328 c.
755 3282 854 3325 and
913 3282 978 3325 M.
1025 3282 1258 3327 Claudius
1302 3282 1429 3325 Mar-

423 3350 572 3393 cellus
595 3352 646 3392 in
673 3352 763 3393 222
787 3363 836 3394 B.
862 3363 907 3395 c.
1230 3379 1240 3392 .

487 3418 579 3460 XI.
617 3418 664 3460 1.
700 3426 819 3469 per:
877 3417 1092 3467 “taking
1147 3416 1428 3466 advantage

423 3485 525 3527 of.’'
618 3485 909 3535 Hendiadys
966 3483 1169 3526 follow3.
1258 3481 1428 3534 legio:

423 3552 509 3595 the
570 3555 780 3602 cognate
841 3551 892 3593 in
955 3549 1081 3601 Eng.
1143 3549 1306 3592 would
1368 3549 1430 3592 be

421 3619 800 3663 anachronismo.

486 3686 536 3728 2.
571 3684 890 3728 civitatem:
919 3683 1062 3726 “free
1088 3681 1430 3736 citizenship.”

421 3760 566 3796 rem:
595 3769 637 3784 =
665 3762 761 3794 rem
784 3750 1040 3802 publicam.

485 3823 533 3865 8.
567 3818 968 3870 impetratum:
1059 3828 1124 3860 sc.
1185 3817 1264 3859 ese.
1352 3815 1431 3858 al-

1523 2945 1689 2991 iems:
1795 2946 2084 2999 distinguish
2178 2948 2303 2991 from
2394 2948 2527 2993 aliis.

1581 3019 1628 3060 4.
1664 3015 1936 3066 utroque:
1983 3015 2067 3058 the
2086 3014 2182 3058 last
2206 3017 2326 3064 two3
2358 3016 2529 3059 Caeni-

1522 3083 1653 3127 nais
1673 3081 1899 3126 omitted.

1589 3151 1638 3191 ⁶.
1674 3148 2015 3196 maximum:
2066 3149 2152 3192 the
2201 3149 2397 3193 smaller
2445 3162 2529 3194 en-

1526 3219 1755 3258 counters
1780 3226 1906 3258 were
1932 3215 2195 3268 purposely
2222 3215 2449 3268 disposed
2478 3218 2530 3260 of

1526 3281 1648 3324 first.

1591 3350 1640 3391 6.
1674 3349 1978 3400 virginem:
2042 3350 2092 3392 in
2157 3349 2242 3392 the
2307 3349 2527 3402 simplest

1528 3417 1680 3458 terms
1722 3427 1751 3458 a
1793 3415 2035 3466 daughter
2076 3416 2128 3458 oi
2171 3416 2405 3468 Tarpeius
2446 3417 2530 3461 be-

1529 3486 1667 3534 trays
1696 3483 1781 3525 the
1809 3482 2009 3530 citadel;
2038 3493 2092 3525 as
2121 3483 2206 3526 the
2234 3488 2373 3536 story
2401 3494 2529 3535 grew

1534 3551 1670 3598 (note
1752 3549 1839 3592 the
1920 3549 2227 3602 interrupted
2310 3550 2530 3602 epiploce

1529 3616 1727 3666 accipiet
1767 3648 1779 3659 .
1823 3648 1833 3659 .
1877 3649 1888 3659 .
1928 3617 2126 3667 accepti)
2167 3616 2253 3659 she
2290 3617 2332 3659 is
2369 3627 2530 3669 repre-

1529 3682 1699 3725 sented
1736 3694 1791 3725 as
1824 3694 1854 3725 a
1890 3682 2056 3725 Vestal
2091 3683 2250 3732 virgin
2284 3683 2395 3726 who
2429 3683 2528 3726 had

1529 3761 1653 3800 gone
1696 3753 1750 3794 to
1794 3754 1873 3800 get
1918 3754 2069 3792 water
2113 3750 2188 3791 for
2232 3751 2317 3793 the
2359 3750 2528 3793 sacred

1528 3817 1660 3861 rites.
