2925 4375
345 652 368 693 1

343 1651 374 1692 4
407 1638 668 1703 Amulio
740 1638 1086 1702 tradidisse
1157 1637 1331 1700 ultro
1405 1643 1804 1701 accusantes

340 2053 372 2096 5

409 276 462 311 v.
501 258 554 323 6]

1295 256 1532 309 LIBER.
1574 260 1598 308 1

2428 262 2497 311 29

407 440 714 516 dividere,
765 444 831 502 et
883 459 1032 501 cum
1080 439 1198 516 his,
1252 444 1575 501 crescente
1624 438 1877 501 indies
1924 458 2110 518 grege
2158 437 2490 517 iuvenum,

408 540 574 603 seria
614 560 688 602 ac
729 540 902 601 iocos
943 538 1280 601 celebrare.

531 641 607 703 V.
658 640 802 701 Iam
856 644 1004 701 tum
1059 639 1128 701 in
1179 638 1433 702 Palatio
1478 643 1701 702 monte
1754 638 2067 721 Lupercal
2124 639 2245 702 hoc
2304 638 2499 704 fuisse

410 739 728 802 ludicrum
751 739 990 816 ferunt,
1010 746 1076 802 et
1101 760 1140 803 a
1162 738 1521 816 Pallante0‚
1540 739 1700 802 urbe
1719 740 2051 816 Arcadica,
2078 739 2497 818 Pallantium,

342 852 372 893 2
411 841 560 903 dein
601 839 929 903 Palatium
969 846 1260 902 montem
1299 840 1721 921 appellatum.
1811 839 1915 901 Ibi
1954 841 2355 918 Euandrum,
2389 841 2500 923 qui

407 960 490 1002 ex
518 960 594 1003 eo
626 959 853 1019 genere
885 940 1213 1003 Arcadum
1244 938 1469 1001 multis
1498 946 1651 1003 ante
1676 940 2185 1019 tempestatibus
2211 942 2497 1004 tenuerit

410 1039 568 1116 loca,
615 1038 921 1103 sollemne
966 1038 1263 1103 adlatum
1305 1059 1389 1101 ex
1433 1039 1712 1103 Arcadia
1754 1040 2129 1116 instituisse,
2193 1045 2271 1103 ut
2342 1041 2501 1103 nudi

409 1140 674 1202 iuvenes
742 1140 1072 1219 Lycaeum
1138 1139 1322 1202 Pana
1388 1146 1771 1202 venerantes
1837 1158 1953 1221 per
2017 1139 2232 1202 lusum
2300 1146 2500 1221 atque

411 1238 743 1302 lasciviam
802 1245 1148 1316 currerent,
1211 1259 1407 1320 quem
1465 1239 1747 1301 Romani
1805 1239 2037 1302 deinde
2096 1245 2497 1303 vocaverunt

342 1351 374 1393 3
410 1340 668 1401 Inuum.
750 1339 922 1401 Huic
949 1339 1187 1401 deditis
1222 1338 1487 1415 ludicro,
1518 1358 1666 1400 cum
1700 1338 2006 1402 sollemne
2041 1344 2273 1402 notum
2307 1345 2496 1417 esset,

409 1438 747 1503 insidiatos
787 1438 874 1501 ob
930 1439 1093 1502 iram
1148 1438 1427 1520 praedae
1486 1438 1759 1501 amissae
1815 1438 2117 1515 latrones,
2162 1458 2312 1501 cum
2370 1440 2501 1502 Ro-

409 1538 622 1600 mulus
675 1540 742 1601 vi
779 1558 861 1622 ‘se
912 1538 1324 1614 defendisset,
1382 1539 1665 1601 Remum
1718 1531 1978 1619 cepisse,
2035 1544 2304 1618 captum
2366 1539 2499 1619 regi

1893 1637 2159 1701 Crimini
2212 1639 2496 1701 maxime

406 1736 659 1802 dabant
699 1740 768 1802 in
809 1738 1168 1801 Numitoris
1208 1757 1394 1817 agros
1435 1738 1519 1800 ab
1558 1738 1635 1798 iis
1673 1737 1957 1818 impetus
1998 1739 2159 1815 fieri;
2200 1738 2350 1801 inde
2389 1757 2499 1800 eos

409 1839 679 1902 collecta
704 1840 1015 1902 iuvenum
1043 1858 1239 1901 manu
1268 1837 1569 1900 hostilem
1596 1838 1663 1900 in
1690 1838 1957 1899 modum
1983 1838 2261 1918 praedas
2286 1858 2493 1918 agere.

407 1939 510 2003 Sic
547 1939 872 2002 Numitori
907 1938 989 2002 ad
1023 1938 1412 2019 supplicium
1446 1938 1693 1999 Remus
1725 1937 2003 2000 deditur.

535 2041 679 2103 Iam
719 2039 869 2102 inde
913 2038 996 2101 ab
1037 2038 1224 2101 initio
1268 2036 1584 2101 Faustulo
1626 2055 1773 2117 spes
1812 2037 2026 2100 fuerat
2068 2038 2311 2118 regiam
2352 2038 2499 2103 stir-

407 2159 556 2221 pem
605 2139 779 2221 apud
828 2158 895 2203 se
939 2137 1202 2202 educari
1213 2158 1229 2216 ;
1277 2158 1431 2201 nam
1478 2143 1546 2201 et
1591 2136 1923 2219 expositos
1968 2136 2143 2200 iussu
2192 2138 2356 2218 regis
2402 2138 2499 2201 in-

406 2241 621 2303 fantes
673 2240 919 2302 sciebat
972 2245 1039 2302 et
1091 2245 1398 2318 tempuS,·
1431 2258 1562 2318 quo
1615 2237 1752 2318 ipse
1804 2257 1914 2299 eos
1966 2237 2353 2315 sustulisset,
2413 2238 2495 2301 ad

405 2341 470 2402 id
521 2340 738 2421 ipsum
789 2358 1165 2419 congruere3
1215 2338 1328 2401 sed
1379 2358 1517 2401 rem
1568 2338 1990 2401 immaturam
2042 2338 2164 2400 nisi
2216 2344 2331 2401 aut
2383 2358 2499 2417 per

404 2441 808 2504 occasionem
842 2445 956 2503 aut
990 2459 1105 2520 per
1126 2438 1581 2501 necessitatem
1611 2438 1856 2518 aperire
1884 2426 2198 2500 noluerat.
2264 2437 2498 2499 Neces-

403 2542 564 2603 sitas
601 2540 777 2620 prior
814 2541 1022 2616 venit;
1061 2540 1158 2602 ita
1196 2545 1376 2601 metu
1414 2535 1729 2600 subactus
1767 2536 2048 2600 Romulo
2086 2557 2223 2600 rem
2264 2537 2491 2617 aperit.

1034 2744 1076 2758 ==
1156 2723 1396 2768 Palatino.

1259 2791 1288 2809 ‘⁴
1299 2790 1399 2834 this

465 2725 523 2771 V.
597 2727 645 2769 1.
716 2725 953 2772 Palatio:

402 2793 667 2846 Lupercal
726 2793 831 2836 hoc
888 2791 1198 2836 ludicrum:

402 2860 597 2905 festival
629 2861 681 2903 of
712 2870 839 2908 ours,
875 2859 961 2902 the
995 2857 1284 2911 Lupercal.”
1350 2857 1397 2899 It

401 2939 500 2971 was
539 2939 568 2970 a
607 2926 802 2970 festival
841 2927 894 2969 of
932 2926 1243 2978 purification
1289 2924 1399 2974 (reb-

401 2995 560 3044 ruare)
595 2994 708 3036 held
747 2993 862 3036 Feb.
903 2994 973 3042 15.
1011 2992 1109 3035 and
1145 2993 1312 3043 giving
1345 2996 1398 3035 to

402 3061 486 3104 the
513 3061 687 3105 month
714 3061 780 3103 its
805 3070 967 3104 name.
1027 3068 1060 3102 a
1087 3058 1398 3105 Pallanteo:

401 3139 432 3170 a
475 3126 747 3180 superficial
793 3127 1086 3169 derivation.
1165 3126 1268 3169 The
1312 3126 1398 3168 hill

401 3205 501 3237 was
548 3193 788 3245 probably
836 3193 922 3235 the
968 3192 1164 3243 feeding
1209 3191 1399 3242 ground

407 3262 488 3309 (cf.
524 3261 731 3312 pascere)
767 3260 819 3302 of
852 3260 938 3303 the
971 3259 1252 3311 shepherds,
1288 3259 1400 3302 who

401 3328 499 3370 had
527 3338 556 3370 a
583 3327 719 3378 deity
746 3326 899 3369 called
929 3326 1084 3370 Pale-3.

463 3395 512 3437 2.
545 3402 610 3437 eo
673 3401 895 3444 genere:
926 3412 967 3426 ==
995 3403 1050 3436 ea
1110 3394 1253 3444 vente,
1318 3395 1396 3438 i.e.

402 3461 726 3504 Pallanteum.
788 3460 1247 3511 tempestatibus:
1312 3472 1397 3513 po-

401 3528 509 3576 etic,
561 3528 812 3574 ‘'seasons,
862 3527 1222 3576 generationS.'’
1293 3526 1397 3571 sol-

399 3593 609 3638 lemne:
637 3593 923 3640 “custom;''
948 3593 987 3635 it
1013 3593 1054 3635 is
1079 3593 1302 3637 followed
1329 3595 1394 3647 by

399 3671 463 3703 an
513 3661 564 3702 ut
614 3659 940 3712 explanatory
991 3659 1169 3702 clause.
1245 3662 1396 3706 Pana

398 3727 755 3771 venerantes:
798 3726 888 3768 ‘'in
927 3726 1056 3769 their
1094 3727 1305 3779 worship
1346 3729 1396 3770 oi

401 3795 502 3838 Pan
515 3795 558 3842 ;”
610 3794 736 3844 Livy
787 3792 906 3835 then
955 3792 1079 3834 adds
1128 3794 1214 3837 the
1262 3805 1394 3844 quem

399 3859 560 3906 clause
590 3871 656 3904 on
688 3859 765 3902 his
797 3869 905 3901 own
938 3859 1194 3912 authority
1225 3870 1280 3902 as
1312 3859 1396 3904 the

1496 2721 1643 2766 indic.
1668 2722 1814 2766 mode
1836 2721 2010 2765 shows.

1560 2790 1609 2832 8.
1642 2789 1869 2832 deditis:
1922 2800 1988 2833 sc.
2042 2789 2331 2840 pastoribus,-
2380 2800 2495 2833 con-

1496 2859 1631 2899 strue
1666 2856 1784 2899 with
1821 2856 2090 2900 insidiatos.
2160 2858 2253 2901 ob:
2282 2874 2325 2890 =
2352 2867 2494 2908 prop·

1496 2925 1576 2967 ter.
1652 2922 1741 2966 See
1773 2922 1963 2966 Introd.
1990 2925 2046 2968 V.
2080 2926 2123 2968 3.
2150 2936 2194 2976 a.
2258 2922 2493 2974 praedae

1496 2989 1758 3032 amissae:
1796 2989 1897 3041 obj.
1927 3000 2050 3040 gen..
2083 2990 2176 3033 “at
2206 2989 2291 3032 the
2317 2989 2414 3032 loss
2442 2990 2493 3032 of

1498 3055 1625 3097 their
1640 3055 1845 3106 booty.''
1902 3055 1992 3099 See
2007 3055 2198 3098 Introd.
2217 3058 2273 3100 V.
2288 3061 2333 3100 4.
2349 3057 2383 3108 ρ’.
2400 3058 2488 3107 (4).

1498 3122 1718 3173 cepisse,
1748 3123 2005 3174 captum:
2047 3123 2133 3166 the
2154 3125 2418 3175 repetition
2440 3125 2492 3166 of

1497 3201 1527 3232 a
1568 3190 1687 3232 verb
1727 3190 1779 3232 in
1820 3197 1955 3244 ptcp.
1980 3191 2107 3232 form
2139 3191 2181 3233 is
2213 3191 2368 3234 called
2392 3192 2493 3244 epi-

1498 3256 1655 3307 ploce:
1698 3256 1836 3298 often
1867 3267 1922 3298 as
1950 3256 2065 3299 here
2097 3256 2241 3300 haste
2283 3257 2493 3315 is'indi-

1497 3322 1657 3366 cated.
1700 3322 1875 3366 ultro:
1898 3324 2162 3374 emphatic,
2181 3325 2489 3377 “actually,’'

1496 3392 1572 3434 i.e.
1597 3391 1789 3441 beyond
1825 3391 1956 3433 what
1985 3399 2078 3433 one
2103 3392 2264 3434 would
2298 3398 2488 3444 expect.

1558 3460 1608 3501 4.
1645 3458 1897 3504 crim-im:
1972 3458 2076 3501 dat.
2143 3460 2195 3500 of
2260 3470 2490 3510 purpose:

1494 3527 1613 3569 with
1649 3527 1835 3572 dabant.
1876 3527 2037 3576 “they
2072 3526 2334 3576 charged.”

1496 3595 1686 3638 Introd.
1710 3597 1765 3638 V.
1796 3598 1833 3637 1.
1860 3595 1900 3637 b.
1930 3598 2017 3647 (2).

1557 3662 1606 3702 6.
1640 3659 1945 3706 numitori:
1994 3657 2098 3704 dat.
2148 3660 2201 3703 of
2247 3661 2491 3704 reference

1494 3727 1613 3768 with
1645 3726 1729 3768 the
1759 3725 1914 3772 whole
1943 3725 2119 3775 clause.
2152 3738 2182 3769 a
2212 3737 2346 3769 more
2372 3727 2489 3769 deli-

1494 3798 1604 3836 cate
1618 3793 1953 3835 construction
1966 3793 2087 3834 than
2100 3793 2369 3836 Numitoris
2382 3793 2491 3835 ani-

1493 3871 1625 3904 mum
1636 3859 1797 3904 would
1814 3861 1889 3904 be.
1934 3861 2024 3905 See
2035 3860 2286 3905 Introd.V.
2297 3864 2335 3904 1.
2350 3862 2390 3904 b.
2400 3863 2485 3914 (1).

2403 3529 2491 3573 see
