2925 4375
366 208 435 260 92
1289 206 1353 261 Τ.
1390 206 1550 261 LIVI

2188 204 2383 271 [ων.
2425 210 2461 261 2

303 409 333 452 3
366 392 685 466 petentes.
778 386 1077 451 Demissa
1122 386 1254 451 iam
1302 387 1369 449 in
1417 388 1764 451 discrimen
1790 388 2076 468 dignitas
2121 410 2201 451 ea
2249 396 2466 453 aetate

366 484 573 567 iisque
603 486 955 550 honoribus
985 486 1147 550 actis
1174 487 1562 551 stimulabat
1587 488 1710 567 Ap.
1731 488 2094 551 Claudium.
2155 490 2463 566 NescireS,

367 592 591 649 utrum
636 585 808 649 inter
849 586 1251 650 decemviros
1297 608 1381 650 an
1426 588 1600 650 inter
1643 587 2030 651 candidatos
2073 609 2463 652 numerares,

300 710 333 753 4
368 686 639 765 Propior
696 684 1027 749 interdum
1092 687 1375 767 petendo
1442 708 1644 767 quam
1710 688 1990 767 gerendo
2057 688 2466 768 magistratui

365 793 534 849 erat:
584 784 909 849 criminari
952 786 1328 867 optimates,
1376 787 1687 851 extollere
1731 788 2234 852 candidatorum
2282 788 2468 851 levis-

364 886 605 950 simum
683 906 1009 967 quemque
1088 886 1675 969 humillimumque,
1754 888 1893 969 ipse
1970 888 2223 952 medius
2299 888 2468 951 inter

301 1009 333 1053 5
366 986 770 1063 tribunicios,
819 986 1092 1050 Duillios
1136 987 1498 1068 Iciliosque,
1541 988 1609 1049 in
1651 987 1790 1051 foro
1833 988 2128 1065 volitare,
2173 1009 2289 1069 per
2326 988 2466 1051 illos

365 1106 435 1150 se
494 1086 668 1166 plebi
732 1084 1092 1163 ve‘nditare,
1156 1087 1361 1150 donec
1422 1087 1704 1167 collegae
1764 1108 2045 1169 quoque,
2109 1089 2222 1169 qui
2283 1089 2468 1151 unice

366 1185 457 1248 illi
492 1186 699 1249 dediti
737 1186 997 1249 fuerant
1035 1186 1117 1249 ad
1153 1187 1219 1248 id
1256 1194 1540 1268 tempus,
1579 1188 1904 1252 coniecere
1939 1189 2006 1250 in
2040 1208 2191 1251 eum
2226 1189 2464 1264 ocu108,

299 1308 332 1351 e
368 1286 698 1363 miranteS,
744 1279 900 1366 quid
951 1287 1073 1350 sibi
1127 1286 1341 1351 vellet.
1432 1288 1762 1367 Apparere
1815 1287 1974 1350 nihil
2025 1288 2255 1351 sinceri
2306 1308 2442 1350 esse
2450 1308 2468 1364 3

366 1386 658 1465 profecto
715 1385 891 1448 haud
949 1387 1307 1466 gratuitam
1360 1386 1429 1449 in
1483 1394 1676 1450 tanta
1729 1388 2035 1468 superbia
2089 1388 2467 1450 comitatem

365 1485 529 1563 iore3
589 1486 865 1547 nimium
925 1486 993 1548 in
1051 1486 1345 1549 ordinem
1404 1507 1474 1549 se
1533 1486 1747 1567 ipsum
1809 1506 2032 1565 cogere
2089 1493 2159 1549 et
2220 1487 2468 1566 vulgari

366 1605 516 1648 cum
548 1585 825 1665 privatis
857 1607 989 1648 non
1021 1593 1160 1649 tam
1193 1586 1604 1667 properantis
1637 1586 1813 1649 abire
1847 1574 2238 1665 magistratu
2268 1607 2467 1666 quam

367 1685 542 1747 viam
610 1685 693 1765 ad
761 1680 1282 1748 continuandum
1348 1687 1806 1765 magistratum
1873 1687 2246 1766 quaerentis
2309 1707 2464 1748 esse.

301 1807 332 1850 7
368 1785 714 1864 Propalam
766 1786 1032 1847 obviam
1091 1786 1181 1847 ire
1240 1785 1588 1866 cupiditati
1645 1806 1879 1866 parum
1938 1786 2097 1862 ausi,
2157 1786 2471 1849 obsecun-

367 1884 584 1959 dando
640 1884 887 1947 mollire
942 1885 1263 1964 impetum
1320 1886 1807 1964 adgrediuntur.
1907 1886 2336 1948 Comitiorum
2377 1886 2469 1947 illi

368 1983 836 2061 habendorum,
878 1985 1144 2064 quando
1182 1985 1490 2046 minimus
1528 1991 1692 2047 natu
1727 1986 1834 2061 sit,
1875 2005 2113 2047 munus
2151 2006 2469 2048 consensu

301 2106 332 2150 8
365 2083 732 2163 iniungunt.
828 2085 949 2147 Ars
998 2085 1156 2147 haec
1202 2090 1365 2160 erat,
1405 2104 1486 2147 ne
1522 2091 1729 2164 semet
1776 2086 1914 2164 ipse
1962 2105 2175 2147 creare
2221 2091 2464 2165 posset,

366 2182 541 2263 quod
570 2191 826 2264 praeter
854 2184 1153 2248 tribunos
1181 2183 1375 2265 plebi,
1404 2191 1474 2248 et
1500 2183 1566 2246 id
1594 2183 1809 2266 ipsum
1836 2186 2117 2266 pessimo
2143 2184 2466 2266 exempIO,

366 2303 557 2346 nemo
597 2305 913 2365 umquam
955 2285 1229 2348 fecisset.
1681 2359 1683 2362 Α

491 2382 607 2446 Ille
635 2383 987 2460 enimvero,
1020 2385 1195 2464 quod
1227 2385 1392 2447 bene
1420 2391 1661 2461 vertat,
1693 2384 2074 2448 habiturum
2103 2407 2172 2450 se
2202 2385 2472 2449 comitia

300 2506 331 2549 9
366 2483 709 2562 profeSSUS,
746 2484 1291 2562 impedimentum
1324 2505 1442 2564 pro
1475 2485 1810 2548 occasione
1844 2486 2136 2565 arripuit,
2171 2485 2468 2548 deiectis-

366 2603 492 2662 que
542 2583 783 2645 honore
834 2604 948 2662 per
998 2584 1345 2646 coitionem
1396 2584 1653 2647 duobus
1705 2585 2045 2660 Quinctiis,
2099 2573 2468 2664 Capitolino

364 2687 433 2745 et
476 2682 881 2757 CincinnatO,
928 2691 995 2746 et
1041 2691 1277 2762 patruo
1320 2705 1438 2746 suo
1484 2685 1549 2746 C.
1598 2684 1889 2761 Claudio,
1936 2685 2465 2748 constantissimo

367 2782 507 2844 viro
535 2782 603 2844 in
631 2783 1055 2862 optimatium
1086 2805 1301 2860 causa,
1332 2791 1400 2848 et
1432 2784 1571 2847 aliis
1599 2785 1887 2848 eiusdem
1918 2785 2160 2864 fastigii
2190 2785 2461 2860 civibus,

270 2906 331 2949 ιο
365 2902 782 2962 nequaquam
834 2882 1175 2962 splendore
1227 2884 1404 2947 vitae
1453 2888 1643 2964 pares
1694 2885 2093 2947 decemviros
2146 2891 2342 2960 creat,
2396 2904 2465 2947 se

428 3069 478 3111 8.
511 3067 780 3119 nemina,
828 3071 941 3110 ete:
987 3068 1073 3111 the
1106 3069 1206 3111 fact
1252 3068 1361 3111 that

366 3145 397 3177 a
426 3145 543 3177 man
573 3137 625 3177 of
654 3136 729 3178 his
760 3137 988 3186 position,
1014 3137 1065 3178 in
1087 3136 1162 3178 his
1193 3138 1361 3188 prime,

366 3202 464 3244 and
500 3212 593 3244 one
626 3203 735 3245 who
770 3203 867 3245 had
904 3203 1027 3245 been
1063 3203 1230 3245 consul
1266 3203 1361 3245 and

367 3268 612 3311 decemvir
664 3271 737 3318 (ea
783 3301 795 3312 .
844 3301 856 3312 .
905 3301 917 3313 .
964 3270 1119 3320 actis).
1168 3281 1267 3312 was
1312 3274 1363 3311 at

366 3335 431 3379 all
462 3336 673 3386 brought
705 3337 757 3378 in
788 3336 971 3386 danger
1001 3337 1052 3379 of
1082 3337 1363 3379 retirement

366 3403 566 3455 spurred
592 3404 782 3455 Appius
811 3414 891 3447 on.
953 3404 1221 3448 Nescirest
1253 3407 1364 3454 past

366 3470 606 3523 potential
628 3470 679 3512 of
699 3470 784 3512 the
802 3470 953 3513 indef.
974 3470 1152 3512 second
1173 3480 1363 3522 person.

430 3539 477 3580 5.
512 3545 569 3579 se
613 3566 626 3580 .
671 3566 685 3580 .
728 3565 742 3579 .
780 3537 1095 3580 venditare:
1137 3536 1364 3579 “curried

366 3604 452 3648 the
479 3605 621 3647 favor
647 3605 699 3646 of
725 3604 811 3646 the
838 3603 1151 3647 Commons.''

430 3673 477 3714 e.
511 3673 574 3715 in
619 3671 784 3714 tanta
829 3671 1087 3722 superbia
1134 3670 1366 3714 comita-

366 3739 509 3782 tem:
548 3738 817 3788 ‘affability
834 3739 885 3782 in
904 3748 997 3778 one
1016 3748 1069 3778 so
1088 3737 1363 3788 haughty.”

366 3807 429 3848 ln
455 3804 709 3847 ordinem
739 3831 753 3844 .
784 3832 797 3846 .
828 3832 841 3844 .
868 3811 1083 3853 cogere:
1112 3802 1261 3845 “that
1288 3803 1363 3845 his

1465 3068 1582 3110 thus
1603 3067 1836 3118 reducing
1857 3067 2052 3110 himself
2074 3071 2127 3110 to
2151 3067 2236 3110 the
2259 3067 2463 3114 ranks:”

1464 3136 1593 3177 after
1628 3145 1857 3186 apparere
1894 3134 1991 3177 and
2030 3135 2220 3185 subject
2259 3135 2311 3176 of
2346 3145 2460 3179 esse.

1463 3203 1837 3253 properantis:
1863 3201 1997 3253 pred.
2025 3212 2152 3253 poss,
2178 3212 2287 3251 gen.

1529 3270 1578 3311 ’1.
1614 3268 2068 3311 obsecundando:
2114 3268 2222 3319 “by
2263 3269 2466 3320 compli-

1464 3336 1638 3380 ance:’'
1683 3335 1768 3377 the
1810 3337 1928 3377 next
1973 3339 2202 3377 sentence
2243 3335 2466 3386 explains

1465 3402 1550 3445 the
1583 3412 1802 3444 manner.
1867 3401 1973 3445 un:
2007 3402 2110 3444 dat.
2144 3402 2266 3444 with
2295 3402 2465 3444 iniun-

1462 3471 1593 3520 aunt.

1525 3537 1576 3579 9.
1608 3536 2111 3587 impedimentum:
2179 3527 2258 3580 ile.
2327 3535 2462 3580 what

1462 3614 1563 3646 was
1594 3607 1762 3646 meant
1795 3607 1848 3646 to
1881 3604 1942 3646 be
1973 3603 2302 3664 anlobstacle.
2365 3611 2464 3653 per

1463 3670 1791 3713 coitionem:
1840 3671 1947 3721 “by
1993 3670 2279 3714 collusion.”
2354 3669 2465 3714 tu-

1463 3737 1612 3787 tigu:
1640 3738 1978 3779 “eminence.’'
