2925 4375
331 236 512 294 xlviii.
555 236 608 303 3]
1200 235 1435 293 LIBER
1471 236 1562 292 III
2331 238 2435 295 103

268 436 301 477 5
332 419 591 500 Appius
656 418 1023 482 interfatur.
1116 419 1325 496 Quem
1391 419 1654 482 decreto
1721 440 2083 483 sermonem
2134 427 2433 502 praetene

332 519 527 595 derit,
600 519 819 581 forsan
889 518 1170 600 aliquem
1243 539 1471 582 verum
1543 525 1838 582 auctores
1907 520 2162 600 antiqui
2233 519 2433 583 tradi·-

335 620 553 682 derint
563 639 580 695 ς
631 618 786 699 quia
834 639 1159 697 nusquam
1211 618 1414 680 ullum
1464 618 1534 681 in
1583 625 1775 681 tanta
1823 618 2140 682 foeditate
2189 618 2431 683 decreti

337 720 475 782 veri
522 718 797 781 similem
845 719 1125 794 inveni0‚
1175 718 1262 795 id,
1314 718 1490 799 quod
1541 725 1819 794 constat,
1870 719 2121 781 nudum
2171 718 2433 783 videtur

336 818 854 898 proponendum,
908 818 1196 882 decresse
1246 818 1564 881 vindicias
1612 818 1972 881 secundum
2021 818 2423 883 servitutem.

262 926 299 971 6
337 919 556 980 Primo
592 925 823 997 stupor
856 938 1081 981 omnes
1118 918 1550 981 admiratione
1587 918 1677 980 rei
1712 925 1853 980 tam
1899 918 2135 982 atrocis
2174 918 2429 997 defixit3

334 1017 666 1081 silentium
714 1018 866 1082 inde
914 1018 1316 1097 aliquamdiu
1364 1018 1598 1081 tenuit.
1691 1018 1876 1093 Dein,
1915 1039 2064 1080 cum
2117 1018 2200 1080 M.
2242 1018 2429 1082 Clau-

331 1117 483 1180 dius
528 1117 1101 1181 circumstantibus
1148 1118 1465 1181 matronis
1511 1118 1633 1181 iret
1681 1117 1763 1181 ad
1811 1117 2255 1198 prendendam
2304 1118 2430 1180 vir-

334 1218 549 1296 ginem
608 1217 1171 1297 lamentabilisque
1228 1238 1377 1280 eum
1402 1286 1407 1290 ,
1436 1217 1780 1280 mulierum
1838 1217 2264 1296 comploratio
2320 1239 2430 1281 ex-

263 1326 297 1371 7
336 1318 629 1397 cepisset,
679 1317 1019 1396 Verginius
1066 1317 1403 1381 intentans
1449 1317 1518 1379 in
1565 1317 1854 1397 Appium
1903 1337 2136 1380 manus
2185 1316 2426 1380 ‘Icilio’

302 1416 569 1497 inquit,
626 1417 849 1497 ‘Appi‚
904 1438 1037 1480 non
1089 1416 1210 1479 tibi
1262 1418 1461 1479 filiam
1516 1416 1831 1496 despondi
1882 1423 1950 1479 et
2003 1416 2085 1480 ad
2140 1418 2424 1497 nuptiaS‚

335 1538 467 1579 non
539 1517 622 1579 ad
692 1524 994 1597 stuprum
1064 1516 1359 1580 educavi.
1451 1516 1794 1579 Passurine
1866 1517 2024 1579 haec
2096 1516 2205 1579 isti
2274 1517 2424 1593 sint,

336 1616 577 1693 nescio;
620 1638 752 1679 non
793 1637 980 1695 spero
1023 1637 1160 1679 esse
1203 1636 1506 1696 passuros
1548 1615 1707 1691 illos,
1755 1616 1867 1696 qui
1912 1636 2095 1678 arma
2137 1616 2424 1680 habent!

259 1722 296 1767 8
333 1715 499 1777 Cum
566 1716 980 1795 repelleretur
1046 1716 1340 1778 adsertor
1405 1714 1671 1793 virginis
1738 1736 1779 1778 a
1842 1714 2034 1794 globo
2084 1714 2426 1779 mulierum

334 1814 1029 1897 circumstantiumque
1082 1815 1574 1889 advocatorum,
1629 1814 1959 1878 silentium
2012 1815 2263 1878 factum
2315 1836 2431 1897 per

333 1935 737 1994 praeconem.

262 2022 291 2065 1
459 2014 770 2077 XLVIII.
820 2015 1181 2091 Decemvir,
1244 2015 1564 2079 alienatus
1637 2013 1720 2078 ad
1793 2014 2127 2078 libidinem
2187 2015 2427 2092 anim0‚

242 2110 248 2118 ’
333 2120 531 2194 negat
582 2134 665 2176 ex
740 2115 1043 2178 hesterno
1106 2121 1370 2177 tantum
1440 2113 1734 2178 convicio
1789 2114 1928 2176 Icili
1984 2114 2428 2197 violentiaque

332 2214 615 2293 Vergini,
664 2215 845 2278 cuius
892 2221 1129 2278 testem
1178 2215 1495 2295 populum
1553 2215 1928 2278 Romanurn
1991 2215 2253 2292 habeat,
2313 2215 2425 2278 sed

333 2314 526 2377 certis
589 2335 850 2395 quoque
901 2315 1155 2378 indiciis
1199 2321 1608 2394 compertum
1651 2334 1720 2378 se
1764 2315 2001 2378 habere
2046 2322 2239 2378 nocte
2282 2321 2430 2379 tot-a

332 2419 557 2476 coetus
624 2414 693 2478 in
761 2415 921 2478 urbe
975 2416 1185 2478 factos
1237 2434 1375 2477 esse
1429 2415 1514 2477 ad
1570 2415 1963 2478 movendam
2018 2415 2423 2478 seditionem.

258 2525 296 2566 2
333 2513 571 2594 Itaque
611 2534 680 2578 se
740 2515 916 2578 haud
970 2515 1245 2578 inscium
1291 2515 1429 2577 eius
1475 2507 1912 2577 dimicationis
1960 2535 2108 2577 cum
2156 2515 2426 2579 armatis

329 2612 757 2691 descendisse,
796 2637 929 2679 non
966 2621 1042 2678 ut
1088 2634 1489 2695 quemquam
1526 2615 1824 2695 quietum
1860 2614 2155 2690 violaret,
2193 2615 2306 2678 sed
2351 2622 2427 2679 ut

330 2712 677 2777 turbantes
713 2715 1002 2779 civitatis
1036 2715 1246 2777 otium
1275 2735 1392 2794 pro
1421 2714 1766 2777 maiestate
1802 2714 2054 2794 imperii
2082 2721 2422 2778 coerceret.

258 2823 295 2866 3
332 2813 644 2877 ‘Proinde
678 2815 930 2894 quiesse
975 2815 1099 2877 erit
1146 2813 1373 2876 melius
1384 2835 1400 2890 3
1446 2813 1487 2874 i'
1537 2813 1772 2894 inquit,
1823 2814 2060 2891 ‘lictor,
2107 2815 2427 2878 submove

328 2912 596 2976 turbam
630 2921 698 2977 et
733 2914 822 2977 da
854 2914 1031 2977 viam
1067 2913 1334 2977 domino
1368 2912 1452 2976 ad
1489 2913 1939 2993 prendendum
1976 2914 2396 2995 mancipium’
2410 2919 2426 2979 i

394 3151 444 3193 δ.
476 3151 538 3194 in
580 3151 745 3194 tanta
786 3149 1057 3193 foeditate
1099 3149 1330 3193 decreti:

330 3218 425 3259 “in
461 3228 516 3259 so
552 3217 795 3260 shameful
832 3228 863 3260 a.
899 3217 1122 3264 decree;'’
1160 3227 1191 3259 a.
1226 3220 1329 3260 sort

328 3284 383 3326 ot
418 3284 523 3326 half
558 3296 668 3336 way
704 3288 843 3334 stage
877 3284 927 3326 in
967 3284 1179 3334 forming
1212 3283 1331 3326 hen-

327 3351 523 3402 diadys.
600 3350 849 3395 nudum:
895 3351 1021 3401 Livy
1067 3351 1201 3400 gives
1244 3349 1330 3393 the

328 3419 448 3461 bare
492 3418 663 3461 decree
706 3417 915 3460 without
961 3428 993 3458 a
1039 3417 1232 3468 preface
1276 3420 1330 3460 to

326 3485 507 3536 justify
542 3485 582 3527 it
621 3485 753 3526 since
788 3483 851 3526 he
887 3483 1015 3525 finds
1050 3493 1180 3526 none
1217 3483 1329 3526 that

326 3553 372 3595 is
396 3551 635 3603 plausible
667 3551 784 3599 (veri
808 3550 1051 3600 similem).

392 3619 443 3662 7.
476 3618 595 3661 isti:
622 3618 764 3660 those
787 3617 986 3666 looking
1010 3627 1091 3661 on.

392 3684 629 3728 XLVIII.
666 3685 714 3726 1.
747 3684 1027 3727 alienatus

328 3760 450 3795 mo:
480 3751 687 3794 “beside
714 3750 959 3794 himself.’'
1020 3750 1116 3794 ad:
1144 3751 1326 3794 emrsal.

326 3819 502 3870 necat
547 3848 561 3861 .
606 3847 620 3861 .
665 3846 680 3861 .
720 3817 978 3861 tantum:
1007 3835 1050 3850 =
1077 3817 1193 3861 dicit
1231 3828 1328 3860 non

1210 3684 1331 3727 ω.

1549 3180 1561 3192 .
1605 3149 1804 3192 tantum.
1881 3148 2239 3201 compertum
2287 3179 2301 3195 .
2347 3179 2365 3195 .
2411 3179 2429 3197 .

1428 3215 1656 3260 habere:
1687 3216 1952 3268 analyticai
1985 3217 2168 3268 perfect
2201 3217 2276 3260 for
2305 3229 2429 3262 com-

1428 3283 1570 3332 per-it,-
1605 3282 1692 3325 the
1726 3283 1929 3332 original
1965 3283 2017 3324 of
2052 3283 2138 3326 the
2174 3283 2429 3329 Romance

1426 3349 1526 3391 and
1553 3349 1754 3398 English
1778 3350 2003 3401 perfecta.

1490 3417 1540 3458 2.
1574 3415 1943 3459 descendisse:
1967 3427 2032 3460 sc.
2055 3416 2112 3459 in
2132 3416 2305 3468 rorum.
2351 3417 2424 3463 Gr.

1428 3482 1612 3525 “down
1649 3483 1833 3530 town‚”
1869 3483 2129 3535 especially
2162 3483 2304 3526 when
2339 3484 2427 3529 the

1427 3550 1707 3592 residential
1746 3549 1964 3592 districts
2000 3559 2083 3593 are
2119 3560 2186 3592 on
2222 3550 2334 3594 hilis
2369 3561 2426 3594 as

1426 3620 1481 3660 at
1510 3617 1682 3659 Rome.

1490 3684 1540 3727 8.
1573 3682 1814 3726 amenas
1849 3686 1970 3726 note
2003 3682 2090 3727 the
2123 3684 2339 3735 position
2372 3683 2426 3726 ot

1426 3750 1514 3793 the
1559 3750 1809 3801 predicate
1854 3749 1952 3792 and
2000 3750 2054 3792 ot
2099 3749 2186 3794 the
2231 3750 2425 3802 apposi-

1426 3816 1581 3859 tional
1612 3816 1801 3868 phrase.
