2925 4375
463 213 532 263 80
1361 212 1426 265 T.
1464 210 1623 265 LIVI
2275 213 2449 277 [xxiii.
2495 218 2561 267 14

466 412 599 454 non
654 392 848 455 modo
902 390 1073 455 inter
1125 399 1366 471 patres,
1423 390 1536 455 sed
1592 411 1673 453 ne
1727 390 1897 455 inter
1951 393 2244 458 consules
2298 394 2564 475 quidem

372 508 428 550 15
465 491 639 569 ipsos
676 492 836 555 satis
873 492 1323 556 conveniebat.
1416 492 1688 571 Appius,
1730 493 2134 557 vehementis
2169 494 2408 573 ingenii
2445 496 2564 570 vir,

466 592 738 671 imperio
776 591 1097 655 consulari
1133 611 1269 653 rem
1306 590 1628 669 agendam
1666 592 1998 655 censebat:
2035 612 2168 655 uno
2206 601 2322 657 aut
2361 594 2566 657 altero

469 690 743 770 adrepto
829 692 1163 771 quieturos
1249 690 1433 766 alios;
1521 689 1846 766 Servilius,
1935 691 2186 756 lenibus
2270 694 2568 757 remediis

469 791 705 871 aptior,
746 791 1108 854 concitatos
1147 790 1398 853 animos
1437 789 1610 851 flecti
1638 809 1838 869 quam
1866 790 2076 871 frangi
2104 793 2390 872 putabat
2419 813 2567 855 cum

472 890 680 954 tutius
720 898 864 953 tum
905 888 1155 953 facilius
1195 909 1350 953 esse.

406 1008 426 1050 1
594 990 893 1053 XXXII.
924 989 1146 1052 Timor
1166 989 1316 1051 inde
1334 997 1555 1068 patres
1576 989 1858 1067 incessit,
1879 1010 1980 1067 ne,
1999 991 2054 1054 si
2071 992 2373 1056 dimissus
2390 1012 2571 1055 exer-

470 1090 637 1154 citus
680 1090 865 1166 foret,
905 1110 1123 1153 rursus
1160 1096 1383 1152 coetus
1410 1088 1649 1152 occulti
1679 1090 2286 1172 coniurationesque
2317 1093 2566 1156 fierent.

469 1192 726 1271 Itaque,
758 1209 1161 1270 quamquam
1195 1209 1310 1269 per
1343 1188 1733 1251 dictatorem
1769 1188 2043 1254 dilectus
2077 1191 2342 1255 habitus
2377 1199 2568 1269 esset,

470 1298 714 1366 tamen,
781 1290 1093 1370 quoniam
1154 1290 1223 1352 in
1286 1287 1624 1351 consulum
1689 1289 1890 1351 verba
1950 1290 2292 1367 iurassent,
2355 1312 2572 1355 sacra-

470 1398 693 1453 mento
724 1390 929 1451 teneri
960 1389 1234 1451 militem
1264 1387 1412 1464 rati,
1443 1406 1559 1467 per
1589 1406 1854 1451 causam
1883 1390 2181 1453 renovati
2212 1391 2297 1454 ab
2327 1391 2571 1472 Aequis

470 1489 619 1551 belli
654 1488 841 1551 educi
876 1508 961 1550 ex
992 1489 1153 1550 urbe
1190 1487 1469 1567 legiones
1503 1486 1756 1551 iussere.
1853 1490 2202 1565 Quo-facto
2232 1499 2569 1555 maturata

402 1611 431 1651 2
467 1596 567 1653 est
633 1588 887 1653 seditio.
980 1590 1068 1652 Et
1134 1588 1344 1668 primo
1392 1587 1718 1666 agitatum
1777 1588 2018 1653 dicitur
2083 1589 2164 1653 de
2230 1591 2569 1655 consulum

469 1688 685 1766 caede,
722 1696 802 1752 ut
842 1688 1248 1752 solverentur
1288 1694 1699 1751 sacramento
1710 1707 1726 1763 ;
1769 1687 1999 1753 doctos
2045 1689 2278 1753 deinde
2321 1691 2570 1754 nullam

467 1788 702 1852 scelere
730 1788 1102 1867 religionem
1133 1787 1401 1862 exsolvi,
1435 1786 1672 1849 Sicinio
1703 1788 1993 1867 quodam
2024 1798 2289 1853 auctore
2318 1790 2566 1855 iniussu

469 1888 807 1951 consulum
840 1888 907 1951 in
941 1890 1209 1951 Sacrum
1244 1894 1537 1949 montem
1571 1888 1902 1951 secessisse
1929 1923 2012 1932 -
2035 1902 2218 1953 trans
2252 1891 2570 1953 Anienem

402 2012 430 2052 3
468 2008 728 2051 amnem
770 1995 891 2065 est,
938 1988 1064 2051 tria
1108 1987 1192 2051 ab
1232 1986 1395 2048 urbe
1438 1985 1617 2048 milia
1659 2005 1973 2065 passuum
1985 2009 2001 2064 ;
2043 2008 2121 2052 ea
2164 1990 2569 2070 frequentior

466 2087 645 2151 fama
698 2094 798 2151 est
854 2108 1073 2169 quam,
1133 2087 1314 2149 cuius
1371 2085 1520 2149 Piso
1577 2093 1808 2149 auctor
1859 2094 1980 2165 est,
2036 2089 2106 2151 in
2161 2090 2568 2152 Aventinum

401 2214 431 2254 4
465 2189 888 2252 secessionem
952 2189 1197 2252 factam
1259 2206 1397 2250 esse
1423 2206 1531 2264 ——3
1593 2184 1684 2247 ibi
1747 2187 1884 2250 sine
1947 2189 2079 2252 ullo
2143 2189 2327 2266 duce,
2393 2189 2567 2252 vallo

466 2289 767 2369 fossaque
834 2288 1251 2351 communitis
1316 2285 1565 2361 castris,
1634 2287 1860 2366 quieti,
1927 2309 2064 2350 rem
2131 2288 2378 2352 nullam
2445 2288 2567 2353 nisi

465 2389 891 2451 necessariam
934 2388 1015 2450 ad
1058 2389 1307 2450 victum
1346 2384 1686 2462 sumendo,
1729 2405 1847 2466 per
1885 2387 2136 2468 aliquot
2178 2389 2315 2452 dies
2354 2409 2566 2508 neque

465 2486 744 2551 lacessiti
781 2507 990 2568 neque
1028 2487 1412 2550 lacessentes
1447 2505 1585 2547 sese
1623 2492 1908 2549 tenuere.

398 2613 427 2655 5
590 2588 853 2649 Pavor
836 2607 1061 2666 ingens
1094 2587 1161 2648 in
1193 2585 1374 2661 urbe,
1412 2592 1725 2664 metuque
1762 2595 1993 2651 mutuo
2027 2608 2344 2669 suspensa
2377 2596 2567 2653 erant

464 2805 689 2848 XXXII.
742 2805 992 2848 XXXIII.
1048 2807 1087 2848 1.
1138 2807 1181 2849 2.
1264 2802 1465 2847 FIRST

525 2873 893 2917 SECESSION
931 2874 1016 2917 OF'
1058 2875 1194 2916 THE
1232 2873 1461 2916 PLEBS.

1565 2803 1700 2848 crisis
1728 2806 1782 2848 to
1810 2805 1958 2849 av01d
1981 2805 2168 2858 having
2193 2809 2280 2852 the
2311 2811 2570 2864 authority

1564 2872 1765 2928 divided
1808 2875 2030 2920 between
2069 2879 2169 2918 two
2209 2877 2419 2919 consule.
2491 2877 2566 2922 ct.

532 2942 667 2984 THE
704 2943 929 2985 FABLE
967 2942 1051 2985 OF
1091 2942 1464 2985 MENENIUS

527 3009 841 3053 AGRIPPA.

536 3113 667 3164 War
712 3112 839 3167 with
881 3112 965 3164 the
1014 3112 1312 3175 Volscians,
1360 3112 1463 3164 Sa-

463 3179 627 3243 bines,
676 3178 1004 3242 Aruncians,
1031 3179 1141 3229 and
1186 3177 1462 3244 Aequians

462 3247 749 3297 alternated
789 3245 915 3297 with
953 3245 1078 3296 civil
1112 3245 1458 3310 dissensions,

462 3330 525 3364 as
580 3310 662 3364 the
718 3313 862 3379 plebs
920 3313 1123 3364 became
1178 3328 1319 3363 more
1374 3314 1461 3364 in-

462 3381 646 3430 sistent
678 3397 827 3446 upon
862 3379 1058 3445 haviny
1090 3379 1224 3431 their
1258 3396 1435 3444 wron9
1436 3397 1461 3431 s

460 3447 741 3499 redressed.
800 3446 1025 3512 Finally
988 3397 1127 3498 the
1148 3446 1292 3512 plebs
1313 3447 1461 3498 with-

461 3514 601 3564 drew
649 3514 788 3578 from
839 3514 921 3565 the
972 3515 1093 3579 city,
1148 3513 1289 3564 until
1340 3530 1461 3565 con-

461 3580 691 3631 cessions
730 3596 859 3631 were
897 3581 1050 3631 made
1088 3586 1139 3632 to
1177 3581 1461 3645 sasequard

460 3645 597 3698 their
628 3646 808 3711 riqhta

524 3743 749 3787 XXXII.
785 3746 834 3787 1.
869 3744 1227 3788 dictatorem:
1290 3755 1321 3787 a
1382 3755 1461 3788 su-

462 3821 627 3862 preme
670 3811 985 3854 commander
1018 3811 1288 3863 appointed
1333 3811 1385 3855 in
1430 3825 1462 3858 a

1563 2939 1607 2980 3.
1634 2939 1710 2982 26.
1735 2940 1785 2988 6;
1824 2941 1870 2983 5.
1896 2941 1972 2984 46.
2002 2943 2074 2984 10.
2141 2941 2372 2986 habitus
2396 2943 2566 2988 esset·

1563 3005 1650 3048 the
1684 3007 2005 3057 subjunctive
2038 3008 2160 3051 with
2203 3019 2490 3060 quamquam
2525 3011 2566 3054 is

1562 3083 1698 3115 more
1733 3085 1963 3118 common
1997 3076 2050 3117 in
2082 3075 2210 3119 later
2246 3077 2450 3120 writers.
2505 3077 2567 3120 in

1561 3141 1757 3184 verba:
1801 3142 1888 3184 the
1925 3142 2046 3185 oath
2074 3153 2175 3185 was
2199 3144 2437 3194 dictated,
2465 3144 2566 3188 and

1561 3207 1794 3259 repeated
1821 3209 2044 3252 verbatim
2069 3209 2136 3261 by
2161 3210 2248 3254 the
2271 3210 2487 3254 soldIerS.

1625 3277 1675 3318 2.
1712 3278 1942 3320 Sacrum
1966 3279 2250 3321 montom:
2277 3279 2463 3322 asmall
2478 3279 2565 3322 hill

1561 3347 1615 3386 to
1658 3343 1720 3385 be
1763 3354 1876 3386 seen
1911 3345 2089 3396 to-day
2121 3355 2240 3387 near
2273 3346 2434 3389 where
2477 3347 2564 3390 the

1562 3411 1654 3453 Via
1689 3410 2004 3454 Nomentana
2038 3423 2221 3456 crosses
2253 3413 2341 3456 the
2374 3415 2515 3458 Anio·

1623 3480 1673 3522 8.
1706 3478 2079 3529 frequentior:
2135 3491 2214 3523 see
2267 3491 2334 3522 on
2387 3481 2562 3532 plures,

1564 3547 1604 3588 1.
1637 3547 1712 3588 24.
1749 3549 1789 3589 1.
1852 3545 2000 3590 Pioot
2031 3547 2083 3589 L.
2115 3547 2406 3599 calpurnius
2435 3548 2562 3598 Piso,

1561 3615 1730 3658 consul
1763 3615 1848 3656 133
1876 3625 1926 3656 n.
1956 3624 2018 3664 c..
2048 3615 2228 3656 author
2253 3615 2307 3657 oi
2334 3617 2564 3668 Annales.

1559 3691 1589 3722 a
1620 3680 1810 3732 history
1842 3681 1894 3722 oi
1925 3681 2084 3724 Rome
2115 3682 2242 3724 from
2273 3684 2338 3727 its
2369 3682 2563 3726 earliest

1560 3747 1727 3798 period
1757 3746 1902 3789 down
1944 3750 1998 3790 to
2039 3747 2114 3791 his
2151 3759 2260 3791 own
2289 3747 2415 3801 dam
2474 3751 2564 3796 See

1560 3816 1750 3860 Introd.
1778 3817 1876 3859 111.
