<?xml version="1.0" encoding="UTF-8"?>
<!DOCTYPE html PUBLIC "-//W3C//DTD XHTML 1.0 Transitional//EN"
    "http://www.w3.org/TR/xhtml1/DTD/xhtml1-transitional.dtd">
<html xmlns="http://www.w3.org/1999/xhtml" xml:lang="en" lang="en">
 <head>
  <title>
</title>
<meta http-equiv="Content-Type" content="text/html;charset=utf-8" />
  <meta name='ocr-system' content='tesseract 3.04.00' />
  <meta name='ocr-capabilities' content='ocr_page ocr_carea ocr_par ocr_line ocrx_word'/>
</head>
<body>
  <div class='ocr_page' id='page_1' title='image "./livyselectionsf01longgoog_0160.png"; bbox 0 0 2925 4375; ppageno 0'>
   <div class='ocr_carea' id='block_1_1' title="bbox 291 221 2490 2787">
    <p class='ocr_par' dir='ltr' id='par_1_1' title="bbox 291 221 2490 2787">
     <span class='ocr_line' id='line_1_1' title="bbox 394 221 2490 291; baseline 0.002 -17"><span class='ocrx_word' id='word_1_1' title='bbox 394 224 495 275; x_wconf 89' lang='grc'>156</span> <span class='ocrx_word' id='word_1_2' title='bbox 1301 222 1363 277; x_wconf 89' lang='grc' dir='ltr'>Τ.</span> <span class='ocrx_word' id='word_1_3' title='bbox 1404 221 1564 277; x_wconf 92' lang='lat' dir='ltr'><strong>LIVI</strong></span> <span class='ocrx_word' id='word_1_4' title='bbox 2241 222 2415 291; x_wconf 88' lang='lat' dir='ltr'>[xviii.</span> <span class='ocrx_word' id='word_1_5' title='bbox 2455 225 2490 279; x_wconf 90' lang='grc'><strong>6</strong></span> 
     </span>
     <span class='ocr_line' id='line_1_2' title="bbox 324 400 2486 485; baseline 0.001 -20"><span class='ocrx_word' id='word_1_6' title='bbox 324 412 354 453; x_wconf 81' lang='lat'><strong>6</strong></span> <span class='ocrx_word' id='word_1_7' title='bbox 388 408 547 465; x_wconf 90' lang='lat' dir='ltr'>erat.</span> <span class='ocrx_word' id='word_1_8' title='bbox 654 400 907 463; x_wconf 92' lang='lat' dir='ltr'><strong>XVIII.</strong></span> <span class='ocrx_word' id='word_1_9' title='bbox 957 401 1035 463; x_wconf 92' lang='lat' dir='ltr'>Id</span> <span class='ocrx_word' id='word_1_10' title='bbox 1088 423 1238 465; x_wconf 92' lang='lat' dir='ltr'>vero</span> <span class='ocrx_word' id='word_1_11' title='bbox 1299 404 1657 483; x_wconf 92' lang='lat' dir='ltr'>periculum</span> <span class='ocrx_word' id='word_1_12' title='bbox 1715 409 1878 479; x_wconf 87' lang='lat' dir='ltr'>erat,</span> <span class='ocrx_word' id='word_1_13' title='bbox 1942 404 2118 485; x_wconf 90' lang='lat' dir='ltr'>quod</span> <span class='ocrx_word' id='word_1_14' title='bbox 2178 404 2486 468; x_wconf 89' lang='lat' dir='ltr'>levissimi</span> 
     </span>
     <span class='ocr_line' id='line_1_3' title="bbox 388 501 2479 583; baseline 0.001 -19"><span class='ocrx_word' id='word_1_15' title='bbox 388 522 471 564; x_wconf 87' lang='lat' dir='ltr'>ex</span> <span class='ocrx_word' id='word_1_16' title='bbox 506 501 783 576; x_wconf 78' lang='lat' dir='ltr'>GraeciS,</span> <span class='ocrx_word' id='word_1_17' title='bbox 824 501 936 580; x_wconf 90' lang='lat' dir='ltr'>qui</span> <span class='ocrx_word' id='word_1_18' title='bbox 973 502 1366 565; x_wconf 73' lang='lat' dir='ltr'><strong>Parthorum</strong></span> <span class='ocrx_word' id='word_1_19' title='bbox 1404 524 1664 583; x_wconf 90' lang='lat' dir='ltr'>quoque</span> <span class='ocrx_word' id='word_1_20' title='bbox 1701 511 1928 566; x_wconf 91' lang='lat' dir='ltr'>contra</span> <span class='ocrx_word' id='word_1_21' title='bbox 1962 525 2200 567; x_wconf 90' lang='lat' dir='ltr'>nomen</span> <span class='ocrx_word' id='word_1_22' title='bbox 2237 506 2479 567; x_wconf 87' lang='lat' dir='ltr'>Roma-</span> 
     </span>
     <span class='ocr_line' id='line_1_4' title="bbox 388 600 2484 680; baseline 0 -16"><span class='ocrx_word' id='word_1_23' title='bbox 388 621 546 664; x_wconf 91' lang='lat' dir='ltr'>num</span> <span class='ocrx_word' id='word_1_24' title='bbox 610 600 844 680; x_wconf 89' lang='lat' dir='ltr'>gloriae</span> <span class='ocrx_word' id='word_1_25' title='bbox 907 600 1152 677; x_wconf 87' lang='lat' dir='ltr'>favent,</span> <span class='ocrx_word' id='word_1_26' title='bbox 1261 602 1563 666; x_wconf 73' lang='lat' dir='ltr'>dictitare</span> <span class='ocrx_word' id='word_1_27' title='bbox 1625 603 1856 679; x_wconf 92' lang='lat' dir='ltr'>solent,</span> <span class='ocrx_word' id='word_1_28' title='bbox 1922 625 2003 665; x_wconf 94' lang='lat' dir='ltr'>ne</span> <span class='ocrx_word' id='word_1_29' title='bbox 2070 604 2484 667; x_wconf 89' lang='lat' dir='ltr'>maiestatem</span> 
     </span>
     <span class='ocr_line' id='line_1_5' title="bbox 387 699 2482 784; baseline 0.001 -22"><span class='ocrx_word' id='word_1_30' title='bbox 387 701 667 763; x_wconf 85' lang='lat' dir='ltr'>nominis</span> <span class='ocrx_word' id='word_1_31' title='bbox 719 699 1092 776; x_wconf 85' lang='lat' dir='ltr'><strong>Alexandri,</strong></span> <span class='ocrx_word' id='word_1_32' title='bbox 1149 722 1344 781; x_wconf 90' lang='lat' dir='ltr'>quem</span> <span class='ocrx_word' id='word_1_33' title='bbox 1395 723 1477 765; x_wconf 92' lang='lat' dir='ltr'>ne</span> <span class='ocrx_word' id='word_1_34' title='bbox 1530 702 1708 765; x_wconf 87' lang='lat' dir='ltr'>fama</span> <span class='ocrx_word' id='word_1_35' title='bbox 1759 703 2025 784; x_wconf 92' lang='lat' dir='ltr'>quidem</span> <span class='ocrx_word' id='word_1_36' title='bbox 2077 704 2199 767; x_wconf 90' lang='lat' dir='ltr'>illis</span> <span class='ocrx_word' id='word_1_37' title='bbox 2249 711 2482 767; x_wconf 89' lang='lat' dir='ltr'>notum</span> 
     </span>
     <span class='ocr_line' id='line_1_6' title="bbox 392 800 2479 883; baseline 0.001 -20"><span class='ocrx_word' id='word_1_38' title='bbox 392 802 671 863; x_wconf 76' lang='lat' dir='ltr'>arbitror</span> <span class='ocrx_word' id='word_1_39' title='bbox 706 800 920 876; x_wconf 87' lang='lat' dir='ltr'>fuisse,</span> <span class='ocrx_word' id='word_1_40' title='bbox 958 802 1274 865; x_wconf 88' lang='lat' dir='ltr'>sustinere</span> <span class='ocrx_word' id='word_1_41' title='bbox 1310 823 1442 864; x_wconf 92' lang='lat' dir='ltr'>non</span> <span class='ocrx_word' id='word_1_42' title='bbox 1478 803 1769 883; x_wconf 89' lang='lat' dir='ltr'>potuerit</span> <span class='ocrx_word' id='word_1_43' title='bbox 1804 803 2083 883; x_wconf 89' lang='lat' dir='ltr'>populus</span> <span class='ocrx_word' id='word_1_44' title='bbox 2120 806 2479 880; x_wconf 84' lang='lat' dir='ltr'>RomanuS‚</span> 
     </span>
     <span class='ocr_line' id='line_1_7' title="bbox 324 895 2481 981; baseline 0 -17"><span class='ocrx_word' id='word_1_45' title='bbox 324 911 355 954; x_wconf 87' lang='grc'><strong>7</strong></span> <span class='ocrx_word' id='word_1_46' title='bbox 390 907 459 964; x_wconf 93' lang='lat' dir='ltr'>et</span> <span class='ocrx_word' id='word_1_47' title='bbox 494 895 803 964; x_wconf 90' lang='lat' dir='ltr'>adversus</span> <span class='ocrx_word' id='word_1_48' title='bbox 839 921 1032 981; x_wconf 90' lang='lat' dir='ltr'>quem</span> <span class='ocrx_word' id='word_1_49' title='bbox 1069 901 1359 978; x_wconf 82' lang='lat' dir='ltr'>Athenis,</span> <span class='ocrx_word' id='word_1_50' title='bbox 1397 903 1465 964; x_wconf 94' lang='lat' dir='ltr'>in</span> <span class='ocrx_word' id='word_1_51' title='bbox 1501 903 1769 965; x_wconf 89' lang='lat' dir='ltr'>civitate</span> <span class='ocrx_word' id='word_1_52' title='bbox 1806 903 2015 966; x_wconf 84' lang='lat' dir='ltr'>fracta</span> <span class='ocrx_word' id='word_1_53' title='bbox 2050 903 2481 976; x_wconf 79' lang='lat' dir='ltr'>Macedonum</span> 
     </span>
     <span class='ocr_line' id='line_1_8' title="bbox 391 1002 2480 1083; baseline 0 -20"><span class='ocrx_word' id='word_1_54' title='bbox 391 1002 605 1077; x_wconf 86' lang='lat' dir='ltr'>armis,</span> <span class='ocrx_word' id='word_1_55' title='bbox 648 1008 949 1064; x_wconf 83' lang='lat' dir='ltr'>cernente</span> <span class='ocrx_word' id='word_1_56' title='bbox 990 1008 1133 1064; x_wconf 91' lang='lat' dir='ltr'>tum</span> <span class='ocrx_word' id='word_1_57' title='bbox 1174 1002 1458 1065; x_wconf 84' lang='lat' dir='ltr'>maxime</span> <span class='ocrx_word' id='word_1_58' title='bbox 1500 1024 1701 1083; x_wconf 90' lang='lat' dir='ltr'>prope</span> <span class='ocrx_word' id='word_1_59' title='bbox 1741 1003 2070 1066; x_wconf 90' lang='lat' dir='ltr'>fumantes</span> <span class='ocrx_word' id='word_1_60' title='bbox 2108 1004 2480 1067; x_wconf 84' lang='lat' dir='ltr'>Thebarum</span> 
     </span>
     <span class='ocr_line' id='line_1_9' title="bbox 388 1101 2482 1183; baseline 0.001 -20"><span class='ocrx_word' id='word_1_61' title='bbox 388 1102 626 1177; x_wconf 86' lang='lat' dir='ltr'>ruinas,</span> <span class='ocrx_word' id='word_1_62' title='bbox 676 1102 1035 1164; x_wconf 91' lang='lat' dir='ltr'>contionari</span> <span class='ocrx_word' id='word_1_63' title='bbox 1079 1101 1275 1166; x_wconf 91' lang='lat' dir='ltr'>libere</span> <span class='ocrx_word' id='word_1_64' title='bbox 1320 1104 1460 1165; x_wconf 92' lang='lat' dir='ltr'>ausi</span> <span class='ocrx_word' id='word_1_65' title='bbox 1506 1108 1662 1166; x_wconf 88' lang='lat' dir='ltr'>sunt</span> <span class='ocrx_word' id='word_1_66' title='bbox 1707 1104 2019 1179; x_wconf 83' lang='lat' dir='ltr'>homineS,</span> <span class='ocrx_word' id='word_1_67' title='bbox 2066 1103 2133 1164; x_wconf 91' lang='lat' dir='ltr'>id</span> <span class='ocrx_word' id='word_1_68' title='bbox 2178 1104 2352 1183; x_wconf 91' lang='lat' dir='ltr'>quod</span> <span class='ocrx_word' id='word_1_69' title='bbox 2397 1124 2482 1166; x_wconf 86' lang='lat' dir='ltr'>ex</span> 
     </span>
     <span class='ocr_line' id='line_1_10' title="bbox 391 1202 2481 1283; baseline 0.001 -20"><span class='ocrx_word' id='word_1_70' title='bbox 391 1202 827 1265; x_wconf 84' lang='lat' dir='ltr'>monument-is</span> <span class='ocrx_word' id='word_1_71' title='bbox 883 1203 1253 1264; x_wconf 90' lang='lat' dir='ltr'>orationum</span> <span class='ocrx_word' id='word_1_72' title='bbox 1309 1210 1515 1283; x_wconf 90' lang='lat' dir='ltr'>patet,</span> <span class='ocrx_word' id='word_1_73' title='bbox 1577 1202 1888 1267; x_wconf 91' lang='lat' dir='ltr'>adversus</span> <span class='ocrx_word' id='word_1_74' title='bbox 1943 1223 2095 1265; x_wconf 90' lang='lat' dir='ltr'>eum</span> <span class='ocrx_word' id='word_1_75' title='bbox 2152 1224 2341 1266; x_wconf 91' lang='lat' dir='ltr'>nemo</span> <span class='ocrx_word' id='word_1_76' title='bbox 2396 1224 2481 1265; x_wconf 90' lang='lat' dir='ltr'>ex</span> 
     </span>
     <span class='ocr_line' id='line_1_11' title="bbox 390 1302 2482 1381; baseline 0.001 -18"><span class='ocrx_word' id='word_1_77' title='bbox 390 1307 492 1364; x_wconf 90' lang='lat' dir='ltr'>tot</span> <span class='ocrx_word' id='word_1_78' title='bbox 535 1302 905 1381; x_wconf 82' lang='lat' dir='ltr'>proceribus</span> <span class='ocrx_word' id='word_1_79' title='bbox 949 1302 1263 1365; x_wconf 86' lang='lat' dir='ltr'>Romanis</span> <span class='ocrx_word' id='word_1_80' title='bbox 1307 1323 1534 1365; x_wconf 90' lang='lat' dir='ltr'>vocem</span> <span class='ocrx_word' id='word_1_81' title='bbox 1579 1302 1850 1365; x_wconf 90' lang='lat' dir='ltr'>liberam</span> <span class='ocrx_word' id='word_1_82' title='bbox 1895 1303 2205 1365; x_wconf 87' lang='lat' dir='ltr'>missurus</span> <span class='ocrx_word' id='word_1_83' title='bbox 2248 1303 2482 1366; x_wconf 85' lang='lat' dir='ltr'>fuerit?</span> 
     </span>
     <span class='ocr_line' id='line_1_12' title="bbox 323 1400 2480 1482; baseline 0.004 -25"><span class='ocrx_word' id='word_1_84' title='bbox 323 1412 355 1457; x_wconf 88' lang='lat'>8</span> <span class='ocrx_word' id='word_1_85' title='bbox 389 1400 813 1475; x_wconf 81' lang='lat' dir='ltr'>Quantalibet</span> <span class='ocrx_word' id='word_1_86' title='bbox 850 1401 1231 1480; x_wconf 87' lang='lat' dir='ltr'>magnitudo</span> <span class='ocrx_word' id='word_1_87' title='bbox 1267 1402 1548 1465; x_wconf 78' lang='lat' dir='ltr'>hominis</span> <span class='ocrx_word' id='word_1_88' title='bbox 1584 1403 1989 1482; x_wconf 87' lang='lat' dir='ltr'>concipiatur</span> <span class='ocrx_word' id='word_1_89' title='bbox 2024 1403 2260 1478; x_wconf 91' lang='lat' dir='ltr'>animo,</span> <span class='ocrx_word' id='word_1_90' title='bbox 2287 1402 2480 1465; x_wconf 85' lang='lat' dir='ltr'>unius</span> 
     </span>
     <span class='ocr_line' id='line_1_13' title="bbox 390 1500 2478 1583; baseline 0.001 -21"><span class='ocrx_word' id='word_1_91' title='bbox 390 1507 612 1563; x_wconf 90' lang='lat' dir='ltr'>tamen</span> <span class='ocrx_word' id='word_1_92' title='bbox 663 1521 742 1563; x_wconf 90' lang='lat' dir='ltr'>ea</span> <span class='ocrx_word' id='word_1_93' title='bbox 794 1500 1176 1579; x_wconf 79' lang='lat' dir='ltr'>magnitudo</span> <span class='ocrx_word' id='word_1_94' title='bbox 1230 1502 1510 1564; x_wconf 91' lang='lat' dir='ltr'>hominis</span> <span class='ocrx_word' id='word_1_95' title='bbox 1561 1503 1704 1578; x_wconf 91' lang='lat' dir='ltr'>erit,</span> <span class='ocrx_word' id='word_1_96' title='bbox 1762 1502 2032 1566; x_wconf 89' lang='lat' dir='ltr'>collecta</span> <span class='ocrx_word' id='word_1_97' title='bbox 2083 1502 2278 1583; x_wconf 90' lang='lat' dir='ltr'>paulo</span> <span class='ocrx_word' id='word_1_98' title='bbox 2331 1502 2478 1582; x_wconf 90' lang='lat' dir='ltr'>plus</span> 
     </span>
     <span class='ocr_line' id='line_1_14' title="bbox 323 1599 2478 1683; baseline 0.001 -23"><span class='ocrx_word' id='word_1_99' title='bbox 323 1612 354 1655; x_wconf 82' lang='grc'>9</span> <span class='ocrx_word' id='word_1_100' title='bbox 386 1599 610 1663; x_wconf 90' lang='lat' dir='ltr'>decem</span> <span class='ocrx_word' id='word_1_101' title='bbox 654 1621 972 1663; x_wconf 90' lang='lat' dir='ltr'>annorum</span> <span class='ocrx_word' id='word_1_102' title='bbox 1016 1600 1324 1664; x_wconf 82' lang='lat' dir='ltr'>felicitate</span> <span class='ocrx_word' id='word_1_103' title='bbox 1335 1622 1351 1679; x_wconf 87' lang='lat'>;</span> <span class='ocrx_word' id='word_1_104' title='bbox 1396 1623 1595 1682; x_wconf 90' lang='lat' dir='ltr'>quam</span> <span class='ocrx_word' id='word_1_105' title='bbox 1641 1602 1753 1683; x_wconf 94' lang='lat' dir='ltr'>qui</span> <span class='ocrx_word' id='word_1_106' title='bbox 1793 1623 1869 1665; x_wconf 94' lang='lat' dir='ltr'>eo</span> <span class='ocrx_word' id='word_1_107' title='bbox 1911 1602 2256 1679; x_wconf 86' lang='lat' dir='ltr'>extollunt,</span> <span class='ocrx_word' id='word_1_108' title='bbox 2301 1602 2478 1682; x_wconf 91' lang='lat' dir='ltr'>quod</span> 
     </span>
     <span class='ocr_line' id='line_1_15' title="bbox 388 1700 2479 1781; baseline 0 -19"><span class='ocrx_word' id='word_1_109' title='bbox 388 1700 667 1780; x_wconf 91' lang='lat' dir='ltr'>populus</span> <span class='ocrx_word' id='word_1_110' title='bbox 705 1702 1061 1776; x_wconf 87' lang='lat' dir='ltr'>Romanus,</span> <span class='ocrx_word' id='word_1_111' title='bbox 1101 1702 1223 1764; x_wconf 90' lang='lat' dir='ltr'>etsi</span> <span class='ocrx_word' id='word_1_112' title='bbox 1261 1701 1437 1764; x_wconf 92' lang='lat' dir='ltr'>nullo</span> <span class='ocrx_word' id='word_1_113' title='bbox 1475 1702 1662 1778; x_wconf 94' lang='lat' dir='ltr'>bello,</span> <span class='ocrx_word' id='word_1_114' title='bbox 1704 1703 1927 1764; x_wconf 89' lang='lat' dir='ltr'>multis</span> <span class='ocrx_word' id='word_1_115' title='bbox 1964 1708 2187 1765; x_wconf 88' lang='lat' dir='ltr'>tamen</span> <span class='ocrx_word' id='word_1_116' title='bbox 2222 1702 2479 1781; x_wconf 88' lang='lat' dir='ltr'>proeliis</span> 
     </span>
     <span class='ocr_line' id='line_1_16' title="bbox 390 1799 2481 1881; baseline 0 -20"><span class='ocrx_word' id='word_1_117' title='bbox 390 1800 602 1863; x_wconf 90' lang='lat' dir='ltr'>victus</span> <span class='ocrx_word' id='word_1_118' title='bbox 635 1802 759 1876; x_wconf 82' lang='lat' dir='ltr'>sit,</span> <span class='ocrx_word' id='word_1_119' title='bbox 816 1799 1184 1863; x_wconf 87' lang='lat' dir='ltr'>Alexandro</span> <span class='ocrx_word' id='word_1_120' title='bbox 1237 1801 1474 1863; x_wconf 91' lang='lat' dir='ltr'>nullius</span> <span class='ocrx_word' id='word_1_121' title='bbox 1526 1822 1781 1881; x_wconf 83' lang='lat' dir='ltr'>pugnae</span> <span class='ocrx_word' id='word_1_122' title='bbox 1833 1824 1965 1864; x_wconf 92' lang='lat' dir='ltr'>non</span> <span class='ocrx_word' id='word_1_123' title='bbox 2015 1801 2301 1865; x_wconf 87' lang='lat' dir='ltr'>secunda</span> <span class='ocrx_word' id='word_1_124' title='bbox 2351 1802 2481 1864; x_wconf 87' lang='lat' dir='ltr'>for-</span> 
     </span>
     <span class='ocr_line' id='line_1_17' title="bbox 310 1900 2478 1989; baseline 0.001 -27"><span class='ocrx_word' id='word_1_125' title='bbox 310 1987 313 1989; x_wconf 9' lang='lat'>*</span> <span class='ocrx_word' id='word_1_126' title='bbox 390 1906 553 1963; x_wconf 88' lang='lat' dir='ltr'>tuna</span> <span class='ocrx_word' id='word_1_127' title='bbox 608 1900 821 1977; x_wconf 87' lang='lat' dir='ltr'>fuerit,</span> <span class='ocrx_word' id='word_1_128' title='bbox 879 1921 1012 1962; x_wconf 92' lang='lat' dir='ltr'>non</span> <span class='ocrx_word' id='word_1_129' title='bbox 1065 1900 1451 1979; x_wconf 85' lang='lat' dir='ltr'>intellegunt</span> <span class='ocrx_word' id='word_1_130' title='bbox 1507 1922 1574 1964; x_wconf 94' lang='lat' dir='ltr'>se</span> <span class='ocrx_word' id='word_1_131' title='bbox 1632 1902 1909 1964; x_wconf 89' lang='lat' dir='ltr'>hominis</span> <span class='ocrx_word' id='word_1_132' title='bbox 1963 1922 2064 1965; x_wconf 90' lang='lat' dir='ltr'>res</span> <span class='ocrx_word' id='word_1_133' title='bbox 2119 1909 2349 1981; x_wconf 85' lang='lat' dir='ltr'>gestas,</span> <span class='ocrx_word' id='word_1_134' title='bbox 2409 1909 2478 1964; x_wconf 93' lang='lat' dir='ltr'>et</span> 
     </span>
     <span class='ocr_line' id='line_1_18' title="bbox 388 2000 2478 2081; baseline 0 -18"><span class='ocrx_word' id='word_1_135' title='bbox 388 2001 524 2063; x_wconf 88' lang='lat' dir='ltr'>eius</span> <span class='ocrx_word' id='word_1_136' title='bbox 567 2000 837 2077; x_wconf 83' lang='lat' dir='ltr'>iuveniS,</span> <span class='ocrx_word' id='word_1_137' title='bbox 885 2021 1034 2063; x_wconf 90' lang='lat' dir='ltr'>cum</span> <span class='ocrx_word' id='word_1_138' title='bbox 1078 2000 1301 2081; x_wconf 91' lang='lat' dir='ltr'>populi</span> <span class='ocrx_word' id='word_1_139' title='bbox 1345 2000 1477 2063; x_wconf 88' lang='lat' dir='ltr'>iam</span> <span class='ocrx_word' id='word_1_140' title='bbox 1520 2002 2133 2080; x_wconf 86' lang='lat' dir='ltr'>octingentesimum</span> <span class='ocrx_word' id='word_1_141' title='bbox 2177 2001 2478 2064; x_wconf 91' lang='lat' dir='ltr'>bellantis</span> 
     </span>
     <span class='ocr_line' id='line_1_19' title="bbox 294 2101 2476 2181; baseline 0.002 -22"><span class='ocrx_word' id='word_1_142' title='bbox 294 2116 353 2158; x_wconf 91' lang='lat'>10</span> <span class='ocrx_word' id='word_1_143' title='bbox 389 2122 633 2163; x_wconf 90' lang='lat' dir='ltr'>annum</span> <span class='ocrx_word' id='word_1_144' title='bbox 678 2102 869 2164; x_wconf 89' lang='lat' dir='ltr'>rebus</span> <span class='ocrx_word' id='word_1_145' title='bbox 891 2101 1217 2171; x_wconf 76' lang='lat' dir='ltr'>conferre.</span> <span class='ocrx_word' id='word_1_146' title='bbox 1311 2101 1637 2177; x_wconf 88' lang='lat' dir='ltr'>Miremur,</span> <span class='ocrx_word' id='word_1_147' title='bbox 1683 2102 1757 2177; x_wconf 89' lang='lat' dir='ltr'>si,</span> <span class='ocrx_word' id='word_1_148' title='bbox 1806 2122 1954 2163; x_wconf 90' lang='lat' dir='ltr'>cum</span> <span class='ocrx_word' id='word_1_149' title='bbox 1998 2122 2081 2164; x_wconf 89' lang='lat' dir='ltr'>ex</span> <span class='ocrx_word' id='word_1_150' title='bbox 2124 2102 2244 2164; x_wconf 92' lang='lat' dir='ltr'>hac</span> <span class='ocrx_word' id='word_1_151' title='bbox 2289 2108 2476 2181; x_wconf 91' lang='lat' dir='ltr'>parte</span> 
     </span>
     <span class='ocr_line' id='line_1_20' title="bbox 387 2202 2477 2282; baseline 0.001 -18"><span class='ocrx_word' id='word_1_152' title='bbox 387 2202 643 2265; x_wconf 89' lang='lat' dir='ltr'>saecula</span> <span class='ocrx_word' id='word_1_153' title='bbox 698 2202 885 2282; x_wconf 89' lang='lat' dir='ltr'>plura</span> <span class='ocrx_word' id='word_1_154' title='bbox 939 2209 1362 2265; x_wconf 90' lang='lat' dir='ltr'>numerentur</span> <span class='ocrx_word' id='word_1_155' title='bbox 1418 2223 1618 2282; x_wconf 90' lang='lat' dir='ltr'>quam</span> <span class='ocrx_word' id='word_1_156' title='bbox 1673 2223 1756 2265; x_wconf 90' lang='lat' dir='ltr'>ex</span> <span class='ocrx_word' id='word_1_157' title='bbox 1810 2202 1919 2264; x_wconf 92' lang='lat' dir='ltr'>illa</span> <span class='ocrx_word' id='word_1_158' title='bbox 1975 2203 2147 2278; x_wconf 92' lang='lat' dir='ltr'>anni,</span> <span class='ocrx_word' id='word_1_159' title='bbox 2209 2202 2352 2282; x_wconf 89' lang='lat' dir='ltr'>plus</span> <span class='ocrx_word' id='word_1_160' title='bbox 2410 2203 2477 2266; x_wconf 88' lang='lat' dir='ltr'>in</span> 
     </span>
     <span class='ocr_line' id='line_1_21' title="bbox 388 2302 2478 2382; baseline -0.001 -18"><span class='ocrx_word' id='word_1_161' title='bbox 388 2308 526 2364; x_wconf 90' lang='lat' dir='ltr'>tam</span> <span class='ocrx_word' id='word_1_162' title='bbox 589 2302 777 2382; x_wconf 90' lang='lat' dir='ltr'>longo</span> <span class='ocrx_word' id='word_1_163' title='bbox 838 2303 1051 2382; x_wconf 85' lang='lat' dir='ltr'>spatio</span> <span class='ocrx_word' id='word_1_164' title='bbox 1114 2323 1310 2382; x_wconf 88' lang='lat' dir='ltr'>quam</span> <span class='ocrx_word' id='word_1_165' title='bbox 1374 2303 1442 2364; x_wconf 93' lang='lat' dir='ltr'>in</span> <span class='ocrx_word' id='word_1_166' title='bbox 1506 2309 1722 2365; x_wconf 89' lang='lat' dir='ltr'>aetate</span> <span class='ocrx_word' id='word_1_167' title='bbox 1783 2302 2094 2365; x_wconf 87' lang='lat' dir='ltr'>tredecim</span> <span class='ocrx_word' id='word_1_168' title='bbox 2157 2323 2478 2365; x_wconf 90' lang='lat' dir='ltr'>annorum</span> 
     </span>
     <span class='ocr_line' id='line_1_22' title="bbox 292 2401 2476 2476; baseline 0.001 -14"><span class='ocrx_word' id='word_1_169' title='bbox 292 2421 345 2462; x_wconf 95' lang='lat'>11</span> <span class='ocrx_word' id='word_1_170' title='bbox 387 2403 651 2465; x_wconf 88' lang='lat' dir='ltr'>fortuna</span> <span class='ocrx_word' id='word_1_171' title='bbox 708 2403 1095 2465; x_wconf 80' lang='lat' dir='ltr'>variaverit?</span> <span class='ocrx_word' id='word_1_172' title='bbox 1194 2401 1368 2476; x_wconf 84' lang='lat' dir='ltr'>Quin</span> <span class='ocrx_word' id='word_1_173' title='bbox 1425 2409 1502 2465; x_wconf 90' lang='lat' dir='ltr'>tu</span> <span class='ocrx_word' id='word_1_174' title='bbox 1561 2402 1840 2465; x_wconf 88' lang='lat' dir='ltr'>hominis</span> <span class='ocrx_word' id='word_1_175' title='bbox 1902 2422 2051 2464; x_wconf 89' lang='lat' dir='ltr'>cum</span> <span class='ocrx_word' id='word_1_176' title='bbox 2110 2402 2366 2464; x_wconf 88' lang='lat' dir='ltr'>homine</span> <span class='ocrx_word' id='word_1_177' title='bbox 2408 2409 2476 2464; x_wconf 93' lang='lat' dir='ltr'>et</span> 
     </span>
     <span class='ocr_line' id='line_1_23' title="bbox 292 2501 2474 2576; baseline 0 -13"><span class='ocrx_word' id='word_1_178' title='bbox 292 2523 350 2563; x_wconf 88' lang='lat'>12</span> <span class='ocrx_word' id='word_1_179' title='bbox 384 2501 565 2564; x_wconf 90' lang='lat' dir='ltr'>ducis</span> <span class='ocrx_word' id='word_1_180' title='bbox 600 2522 749 2564; x_wconf 90' lang='lat' dir='ltr'>cum</span> <span class='ocrx_word' id='word_1_181' title='bbox 783 2501 945 2564; x_wconf 92' lang='lat' dir='ltr'>duce</span> <span class='ocrx_word' id='word_1_182' title='bbox 979 2501 1312 2565; x_wconf 87' lang='lat' dir='ltr'>fortunam</span> <span class='ocrx_word' id='word_1_183' title='bbox 1348 2502 1638 2564; x_wconf 84' lang='lat' dir='ltr'>confers?</span> <span class='ocrx_word' id='word_1_184' title='bbox 1698 2501 1875 2576; x_wconf 81' lang='lat' dir='ltr'>Quot</span> <span class='ocrx_word' id='word_1_185' title='bbox 1912 2503 2246 2565; x_wconf 87' lang='lat' dir='ltr'>Romanos</span> <span class='ocrx_word' id='word_1_186' title='bbox 2279 2502 2474 2564; x_wconf 91' lang='lat' dir='ltr'>duces</span> 
     </span>
     <span class='ocr_line' id='line_1_24' title="bbox 291 2602 2474 2682; baseline 0 -19"><span class='ocrx_word' id='word_1_187' title='bbox 291 2647 294 2650; x_wconf 91' lang='lat'>-</span> <span class='ocrx_word' id='word_1_188' title='bbox 386 2603 732 2678; x_wconf 88' lang='lat' dir='ltr'>nominem,</span> <span class='ocrx_word' id='word_1_189' title='bbox 807 2603 1041 2681; x_wconf 88' lang='lat' dir='ltr'>quibus</span> <span class='ocrx_word' id='word_1_190' title='bbox 1110 2623 1472 2681; x_wconf 87' lang='lat' dir='ltr'>numquam</span> <span class='ocrx_word' id='word_1_191' title='bbox 1545 2602 1816 2664; x_wconf 89' lang='lat' dir='ltr'>adversa</span> <span class='ocrx_word' id='word_1_192' title='bbox 1885 2602 2150 2665; x_wconf 90' lang='lat' dir='ltr'>fortuna</span> <span class='ocrx_word' id='word_1_193' title='bbox 2218 2622 2474 2682; x_wconf 88' lang='lat' dir='ltr'>pugnae</span> 
     </span>
     <span class='ocr_line' id='line_1_25' title="bbox 386 2701 2476 2787; baseline 0 -24"><span class='ocrx_word' id='word_1_194' title='bbox 386 2702 549 2764; x_wconf 82' lang='lat' dir='ltr'>fuit?</span> <span class='ocrx_word' id='word_1_195' title='bbox 669 2702 945 2780; x_wconf 87' lang='lat' dir='ltr'>Paginas</span> <span class='ocrx_word' id='word_1_196' title='bbox 1024 2702 1091 2764; x_wconf 90' lang='lat' dir='ltr'>in</span> <span class='ocrx_word' id='word_1_197' title='bbox 1171 2701 1512 2764; x_wconf 83' lang='lat' dir='ltr'>annalibus</span> <span class='ocrx_word' id='word_1_198' title='bbox 1585 2703 2214 2787; x_wconf 82' lang='lat' dir='ltr'>magistratuumque</span> <span class='ocrx_word' id='word_1_199' title='bbox 2292 2702 2476 2764; x_wconf 83' lang='lat' dir='ltr'>fastis</span> 
     </span>
    </p>
   </div>
   <div class='ocr_carea' id='block_1_2' title="bbox 384 2801 2473 2881">
    <p class='ocr_par' dir='ltr' id='par_1_2' title="bbox 384 2801 2473 2881">
     <span class='ocr_line' id='line_1_26' title="bbox 384 2801 2473 2881; baseline -0 -17"><span class='ocrx_word' id='word_1_200' title='bbox 384 2823 747 2881; x_wconf 86' lang='lat' dir='ltr'>percurrere</span> <span class='ocrx_word' id='word_1_201' title='bbox 807 2801 953 2864; x_wconf 91' lang='lat' dir='ltr'>licet</span> <span class='ocrx_word' id='word_1_202' title='bbox 1014 2802 1350 2864; x_wconf 87' lang='lat' dir='ltr'>consulum</span> <span class='ocrx_word' id='word_1_203' title='bbox 1408 2802 1956 2881; x_wconf 86' lang='lat' dir='ltr'>dictatorumque,</span> <span class='ocrx_word' id='word_1_204' title='bbox 2021 2823 2297 2881; x_wconf 90' lang='lat' dir='ltr'>quorum</span> <span class='ocrx_word' id='word_1_205' title='bbox 2356 2823 2473 2863; x_wconf 92' lang='lat' dir='ltr'>nec</span> 
     </span>
    </p>
   </div>
   <div class='ocr_carea' id='block_1_3' title="bbox 2916 878 2921 1551">
    <p class='ocr_par' dir='ltr' id='par_1_3' title="bbox 2916 878 2921 1551">
     <span class='ocr_line' id='line_1_27' title="bbox 2916 878 2921 1551; baseline 0 0"><span class='ocrx_word' id='word_1_206' title='bbox 2916 878 2921 1551; x_wconf 95' lang='lat' dir='ltr'> </span> 
     </span>
    </p>
   </div>
   <div class='ocr_carea' id='block_1_4' title="bbox 445 2952 1423 3008">
    <p class='ocr_par' dir='ltr' id='par_1_4' title="bbox 445 2952 1423 3008">
     <span class='ocr_line' id='line_1_28' title="bbox 445 2952 1423 3008; baseline -0.001 -12"><span class='ocrx_word' id='word_1_207' title='bbox 445 2952 639 2996; x_wconf 92' lang='lat' dir='ltr'><strong>XVIII.</strong></span> <span class='ocrx_word' id='word_1_208' title='bbox 674 2955 721 2996; x_wconf 74' lang='grc'>6.</span> <span class='ocrx_word' id='word_1_209' title='bbox 755 2953 1023 2997; x_wconf 73' lang='lat' dir='ltr'>levissimi</span> <span class='ocrx_word' id='word_1_210' title='bbox 1048 2962 1112 2996; x_wconf 77' lang='lat' dir='ltr'>ex</span> <span class='ocrx_word' id='word_1_211' title='bbox 1137 2952 1377 2998; x_wconf 77' lang='lat' dir='ltr'>Graecis:</span> <span class='ocrx_word' id='word_1_212' title='bbox 1418 3001 1423 3008; x_wconf 46' lang='grc'>,</span> 
     </span>
    </p>
   </div>
   <div class='ocr_carea' id='block_1_5' title="bbox 361 3021 1380 3873">
    <p class='ocr_par' dir='ltr' id='par_1_5' title="bbox 381 3021 1378 3332">
     <span class='ocr_line' id='line_1_29' title="bbox 383 3021 1378 3071; baseline -0.002 -8"><span class='ocrx_word' id='word_1_213' title='bbox 383 3032 412 3063; x_wconf 91' lang='lat' dir='ltr'>a</span> <span class='ocrx_word' id='word_1_214' title='bbox 442 3022 614 3063; x_wconf 89' lang='lat' dir='ltr'>nation</span> <span class='ocrx_word' id='word_1_215' title='bbox 644 3022 809 3071; x_wconf 69' lang='lat' dir='ltr'>linqua</span> <span class='ocrx_word' id='word_1_216' title='bbox 836 3021 989 3070; x_wconf 64' lang='lat' dir='ltr'>manis</span> <span class='ocrx_word' id='word_1_217' title='bbox 1018 3023 1209 3063; x_wconf 81' lang='lat' dir='ltr'>strenua</span> <span class='ocrx_word' id='word_1_218' title='bbox 1237 3031 1378 3070; x_wconf 83' lang='lat' dir='ltr'>quam</span> 
     </span>
     <span class='ocr_line' id='line_1_30' title="bbox 381 3088 1376 3139; baseline 0.002 -11"><span class='ocrx_word' id='word_1_219' title='bbox 381 3089 533 3139; x_wconf 74' lang='lat' dir='ltr'>tacti-3.</span> <span class='ocrx_word' id='word_1_220' title='bbox 575 3089 834 3138; x_wconf 85' lang='lat' dir='ltr'>according</span> <span class='ocrx_word' id='word_1_221' title='bbox 871 3091 923 3130; x_wconf 87' lang='lat' dir='ltr'>to</span> <span class='ocrx_word' id='word_1_222' title='bbox 965 3088 1089 3138; x_wconf 86' lang='lat' dir='ltr'>Livy</span> <span class='ocrx_word' id='word_1_223' title='bbox 1130 3090 1173 3130; x_wconf 90' lang='lat'>8.</span> <span class='ocrx_word' id='word_1_224' title='bbox 1218 3090 1290 3129; x_wconf 88' lang='grc'>22.</span> <span class='ocrx_word' id='word_1_225' title='bbox 1332 3089 1376 3130; x_wconf 91' lang='grc'>8.</span> 
     </span>
     <span class='ocr_line' id='line_1_31' title="bbox 382 3155 1378 3206; baseline -0.001 -9"><span class='ocrx_word' id='word_1_226' title='bbox 382 3155 486 3198; x_wconf 90' lang='lat' dir='ltr'>The</span> <span class='ocrx_word' id='word_1_227' title='bbox 520 3155 675 3198; x_wconf 87' lang='lat' dir='ltr'>whole</span> <span class='ocrx_word' id='word_1_228' title='bbox 709 3155 974 3205; x_wconf 84' lang='lat' dir='ltr'>digression</span> <span class='ocrx_word' id='word_1_229' title='bbox 1009 3155 1049 3196; x_wconf 87' lang='lat' dir='ltr'>is</span> <span class='ocrx_word' id='word_1_230' title='bbox 1085 3155 1378 3206; x_wconf 85' lang='lat' dir='ltr'>apparently</span> 
     </span>
     <span class='ocr_line' id='line_1_32' title="bbox 384 3221 1378 3264; baseline 0 -1"><span class='ocrx_word' id='word_1_231' title='bbox 384 3233 447 3263; x_wconf 88' lang='lat' dir='ltr'>an</span> <span class='ocrx_word' id='word_1_232' title='bbox 490 3233 675 3264; x_wconf 90' lang='lat' dir='ltr'>answer</span> <span class='ocrx_word' id='word_1_233' title='bbox 717 3226 771 3264; x_wconf 89' lang='lat' dir='ltr'>to</span> <span class='ocrx_word' id='word_1_234' title='bbox 813 3222 950 3264; x_wconf 86' lang='lat' dir='ltr'>these</span> <span class='ocrx_word' id='word_1_235' title='bbox 992 3221 1247 3264; x_wconf 79' lang='lat' dir='ltr'>otherwise</span> <span class='ocrx_word' id='word_1_236' title='bbox 1290 3232 1378 3263; x_wconf 91' lang='lat' dir='ltr'>un-</span> 
     </span>
     <span class='ocr_line' id='line_1_33' title="bbox 383 3288 1375 3332; baseline 0 -2"><span class='ocrx_word' id='word_1_237' title='bbox 383 3289 562 3330; x_wconf 90' lang='lat' dir='ltr'>known</span> <span class='ocrx_word' id='word_1_238' title='bbox 585 3289 819 3332; x_wconf 87' lang='lat' dir='ltr'>boasters.</span> <span class='ocrx_word' id='word_1_239' title='bbox 874 3288 1007 3331; x_wconf 77' lang='lat' dir='ltr'>illis:</span> <span class='ocrx_word' id='word_1_240' title='bbox 1033 3289 1117 3330; x_wconf 84' lang='lat' dir='ltr'>the</span> <span class='ocrx_word' id='word_1_241' title='bbox 1142 3289 1375 3330; x_wconf 82' lang='lat' dir='ltr'>RomanS.</span> 
     </span>
    </p>

    <p class='ocr_par' dir='ltr' id='par_1_6' title="bbox 361 3355 1379 3804">
     <span class='ocr_line' id='line_1_34' title="bbox 446 3355 1379 3400; baseline -0.002 -2"><span class='ocrx_word' id='word_1_242' title='bbox 446 3357 493 3398; x_wconf 84' lang='grc'>7.</span> <span class='ocrx_word' id='word_1_243' title='bbox 528 3355 847 3400; x_wconf 76' lang='lat' dir='ltr'>Thebarum</span> <span class='ocrx_word' id='word_1_244' title='bbox 874 3356 1090 3398; x_wconf 77' lang='lat' dir='ltr'>ruinas:</span> <span class='ocrx_word' id='word_1_245' title='bbox 1121 3356 1206 3398; x_wconf 84' lang='lat' dir='ltr'>the</span> <span class='ocrx_word' id='word_1_246' title='bbox 1235 3355 1379 3396; x_wconf 86' lang='lat' dir='ltr'>home</span> 
     </span>
     <span class='ocr_line' id='line_1_35' title="bbox 382 3422 1379 3474; baseline -0.001 -10"><span class='ocrx_word' id='word_1_247' title='bbox 382 3423 434 3464; x_wconf 80' lang='lat' dir='ltr'>os</span> <span class='ocrx_word' id='word_1_248' title='bbox 465 3423 550 3465; x_wconf 90' lang='lat' dir='ltr'>the</span> <span class='ocrx_word' id='word_1_249' title='bbox 582 3427 695 3474; x_wconf 88' lang='lat' dir='ltr'>poet</span> <span class='ocrx_word' id='word_1_250' title='bbox 730 3422 911 3465; x_wconf 87' lang='lat' dir='ltr'>Pindar</span> <span class='ocrx_word' id='word_1_251' title='bbox 943 3422 1083 3464; x_wconf 86' lang='lat' dir='ltr'>alone</span> <span class='ocrx_word' id='word_1_252' title='bbox 1115 3423 1155 3463; x_wconf 87' lang='lat' dir='ltr'>is</span> <span class='ocrx_word' id='word_1_253' title='bbox 1188 3422 1291 3464; x_wconf 84' lang='lat' dir='ltr'>said</span> <span class='ocrx_word' id='word_1_254' title='bbox 1325 3425 1379 3463; x_wconf 89' lang='lat' dir='ltr'>to</span> 
     </span>
     <span class='ocr_line' id='line_1_36' title="bbox 382 3488 1377 3540; baseline 0.001 -10"><span class='ocrx_word' id='word_1_255' title='bbox 382 3489 510 3531; x_wconf 88' lang='lat' dir='ltr'>have</span> <span class='ocrx_word' id='word_1_256' title='bbox 561 3489 683 3532; x_wconf 88' lang='lat' dir='ltr'>been</span> <span class='ocrx_word' id='word_1_257' title='bbox 736 3488 911 3540; x_wconf 89' lang='lat' dir='ltr'>spared</span> <span class='ocrx_word' id='word_1_258' title='bbox 965 3489 1033 3538; x_wconf 89' lang='lat' dir='ltr'>by</span> <span class='ocrx_word' id='word_1_259' title='bbox 1086 3489 1377 3531; x_wconf 86' lang='lat' dir='ltr'>Alexander.</span> 
     </span>
     <span class='ocr_line' id='line_1_37' title="bbox 361 3552 1379 3606; baseline -0.001 -8"><span class='ocrx_word' id='word_1_260' title='bbox 361 3552 729 3599; x_wconf 75' lang='lat' dir='ltr'>‘orationumz</span> <span class='ocrx_word' id='word_1_261' title='bbox 780 3567 870 3606; x_wconf 86' lang='lat' dir='ltr'>e.g.</span> <span class='ocrx_word' id='word_1_262' title='bbox 922 3555 974 3597; x_wconf 87' lang='lat' dir='ltr'>of</span> <span class='ocrx_word' id='word_1_263' title='bbox 1025 3554 1379 3598; x_wconf 86' lang='lat' dir='ltr'>Demosthenes</span> 
     </span>
     <span class='ocr_line' id='line_1_38' title="bbox 382 3622 1377 3673; baseline -0.001 -9"><span class='ocrx_word' id='word_1_264' title='bbox 382 3622 479 3664; x_wconf 87' lang='lat' dir='ltr'>and</span> <span class='ocrx_word' id='word_1_265' title='bbox 541 3623 805 3673; x_wconf 87' lang='lat' dir='ltr'>Lycurgus.</span> <span class='ocrx_word' id='word_1_266' title='bbox 896 3622 1160 3664; x_wconf 80' lang='lat' dir='ltr'>adversus</span> <span class='ocrx_word' id='word_1_267' title='bbox 1220 3630 1377 3664; x_wconf 78' lang='lat' dir='ltr'>eum:</span> 
     </span>
     <span class='ocr_line' id='line_1_39' title="bbox 382 3689 1378 3739; baseline 0.001 -10"><span class='ocrx_word' id='word_1_268' title='bbox 382 3690 627 3739; x_wconf 86' lang='lat' dir='ltr'>resuming</span> <span class='ocrx_word' id='word_1_269' title='bbox 650 3690 871 3731; x_wconf 80' lang='lat' dir='ltr'>adversus</span> <span class='ocrx_word' id='word_1_270' title='bbox 894 3699 1043 3739; x_wconf 84' lang='lat' dir='ltr'>quem.</span> <span class='ocrx_word' id='word_1_271' title='bbox 1102 3689 1378 3731; x_wconf 67' lang='lat' dir='ltr'>missurus</span> 
     </span>
     <span class='ocr_line' id='line_1_40' title="bbox 381 3754 1376 3804; baseline -0.001 -7"><span class='ocrx_word' id='word_1_272' title='bbox 381 3754 576 3798; x_wconf 73' lang='lat' dir='ltr'>fuel-itt</span> <span class='ocrx_word' id='word_1_273' title='bbox 608 3767 686 3799; x_wconf 89' lang='lat' dir='ltr'>see</span> <span class='ocrx_word' id='word_1_274' title='bbox 716 3767 780 3797; x_wconf 92' lang='lat' dir='ltr'>on</span> <span class='ocrx_word' id='word_1_275' title='bbox 810 3755 1003 3804; x_wconf 71' lang='lat' dir='ltr'>futurus</span> <span class='ocrx_word' id='word_1_276' title='bbox 1032 3755 1187 3804; x_wconf 74' lang='lat' dir='ltr'>fuerit,</span> <span class='ocrx_word' id='word_1_277' title='bbox 1227 3756 1297 3798; x_wconf 88' lang='lat'>17.</span> <span class='ocrx_word' id='word_1_278' title='bbox 1333 3757 1376 3797; x_wconf 90' lang='grc'>2.</span> 
     </span>
    </p>

    <p class='ocr_par' dir='ltr' id='par_1_7' title="bbox 445 3821 1380 3873">
     <span class='ocr_line' id='line_1_41' title="bbox 445 3821 1380 3873; baseline 0 -9"><span class='ocrx_word' id='word_1_279' title='bbox 445 3823 493 3864; x_wconf 85' lang='grc'>8.</span> <span class='ocrx_word' id='word_1_280' title='bbox 528 3823 899 3873; x_wconf 73' lang='lat' dir='ltr'>concipiatur:</span> <span class='ocrx_word' id='word_1_281' title='bbox 927 3833 1218 3864; x_wconf 80' lang='lat' dir='ltr'>concesswe.</span> <span class='ocrx_word' id='word_1_282' title='bbox 1273 3821 1380 3864; x_wconf 80' lang='lat' dir='ltr'>ool-</span> 
     </span>
    </p>
   </div>
   <div class='ocr_carea' id='block_1_6' title="bbox 1475 2949 2526 3798">
    <p class='ocr_par' dir='ltr' id='par_1_8' title="bbox 1475 2949 2476 3062">
     <span class='ocr_line' id='line_1_42' title="bbox 1475 2949 2476 3004; baseline 0 -9"><span class='ocrx_word' id='word_1_283' title='bbox 1475 2952 1622 2996; x_wconf 79' lang='lat' dir='ltr'>lecta</span> <span class='ocrx_word' id='word_1_284' title='bbox 1653 2983 1666 2996; x_wconf 93' lang='lat'><strong>.</strong></span> <span class='ocrx_word' id='word_1_285' title='bbox 1699 2983 1712 2996; x_wconf 94' lang='lat'><strong>.</strong></span> <span class='ocrx_word' id='word_1_286' title='bbox 1744 2983 1757 2996; x_wconf 90' lang='lat'><strong>.</strong></span> <span class='ocrx_word' id='word_1_287' title='bbox 1784 2951 2079 2996; x_wconf 73' lang='lat' dir='ltr'>felicitate:</span> <span class='ocrx_word' id='word_1_288' title='bbox 2108 2949 2322 3004; x_wconf 82' lang='lat' dir='ltr'>“gained</span> <span class='ocrx_word' id='word_1_289' title='bbox 2349 2953 2476 2996; x_wconf 88' lang='lat' dir='ltr'>from</span> 
     </span>
     <span class='ocr_line' id='line_1_43' title="bbox 1478 3012 2440 3062; baseline 0.001 0"><span class='ocrx_word' id='word_1_290' title='bbox 1478 3020 1563 3062; x_wconf 87' lang='lat' dir='ltr'>the</span> <span class='ocrx_word' id='word_1_291' title='bbox 1593 3021 1834 3062; x_wconf 84' lang='lat' dir='ltr'>success.&#39;&#39;</span> <span class='ocrx_word' id='word_1_292' title='bbox 2437 3012 2440 3015; x_wconf 71' lang='grc'><strong>’</strong></span> 
     </span>
    </p>

    <p class='ocr_par' dir='ltr' id='par_1_9' title="bbox 1477 3087 2526 3473">
     <span class='ocr_line' id='line_1_44' title="bbox 1538 3087 2478 3136; baseline 0.001 -7"><span class='ocrx_word' id='word_1_293' title='bbox 1538 3088 1589 3129; x_wconf 79' lang='grc'>9.</span> <span class='ocrx_word' id='word_1_294' title='bbox 1623 3087 1808 3130; x_wconf 76' lang='lat' dir='ltr'>vietus</span> <span class='ocrx_word' id='word_1_295' title='bbox 1877 3087 1976 3130; x_wconf 71' lang='lat' dir='ltr'>nit:</span> <span class='ocrx_word' id='word_1_296' title='bbox 2043 3087 2358 3136; x_wconf 86' lang='lat' dir='ltr'>subjunctive</span> <span class='ocrx_word' id='word_1_297' title='bbox 2425 3089 2478 3130; x_wconf 85' lang='lat' dir='ltr'>of</span> 
     </span>
     <span class='ocr_line' id='line_1_45' title="bbox 1477 3154 2477 3205; baseline 0.002 -9"><span class='ocrx_word' id='word_1_298' title='bbox 1477 3154 1701 3204; x_wconf 86' lang='lat' dir='ltr'>assigned</span> <span class='ocrx_word' id='word_1_299' title='bbox 1782 3165 1970 3196; x_wconf 82' lang='lat' dir='ltr'>reason.</span> <span class='ocrx_word' id='word_1_300' title='bbox 2084 3154 2477 3205; x_wconf 73' lang='lat' dir='ltr'>octingentesi-</span> 
     </span>
     <span class='ocr_line' id='line_1_46' title="bbox 1480 3220 2526 3269; baseline 0.001 -6"><span class='ocrx_word' id='word_1_301' title='bbox 1480 3230 1667 3264; x_wconf 88' lang='lat' dir='ltr'>mum:</span> <span class='ocrx_word' id='word_1_302' title='bbox 1724 3222 1776 3263; x_wconf 92' lang='lat' dir='ltr'>in</span> <span class='ocrx_word' id='word_1_303' title='bbox 1833 3220 1990 3263; x_wconf 89' lang='lat' dir='ltr'>round</span> <span class='ocrx_word' id='word_1_304' title='bbox 2047 3221 2298 3269; x_wconf 81' lang='lat' dir='ltr'>numbers:</span> <span class='ocrx_word' id='word_1_305' title='bbox 2355 3221 2474 3264; x_wconf 89' lang='lat' dir='ltr'>used</span> <span class='ocrx_word' id='word_1_306' title='bbox 2519 3262 2526 3269; x_wconf 88' lang='grc'><strong>,</strong></span> 
     </span>
     <span class='ocr_line' id='line_1_47' title="bbox 1477 3287 2473 3340; baseline 0.001 -10"><span class='ocrx_word' id='word_1_307' title='bbox 1477 3288 1810 3340; x_wconf 84' lang='lat' dir='ltr'>inaccurately</span> <span class='ocrx_word' id='word_1_308' title='bbox 1855 3289 1930 3330; x_wconf 79' lang='lat' dir='ltr'>for</span> <span class='ocrx_word' id='word_1_309' title='bbox 1977 3287 2294 3330; x_wconf 85' lang='lat' dir='ltr'>Alexander’s</span> <span class='ocrx_word' id='word_1_310' title='bbox 2339 3290 2473 3339; x_wconf 83' lang='lat' dir='ltr'>time,</span> 
     </span>
     <span class='ocr_line' id='line_1_48' title="bbox 1477 3355 2473 3406; baseline 0.002 -10"><span class='ocrx_word' id='word_1_311' title='bbox 1477 3356 1684 3398; x_wconf 89' lang='lat' dir='ltr'>because</span> <span class='ocrx_word' id='word_1_312' title='bbox 1728 3356 1853 3406; x_wconf 84' lang='lat' dir='ltr'>Livy</span> <span class='ocrx_word' id='word_1_313' title='bbox 1894 3355 1991 3396; x_wconf 88' lang='lat' dir='ltr'>still</span> <span class='ocrx_word' id='word_1_314' title='bbox 2036 3355 2152 3397; x_wconf 88' lang='lat' dir='ltr'>feels</span> <span class='ocrx_word' id='word_1_315' title='bbox 2192 3356 2231 3399; x_wconf 89' lang='lat' dir='ltr'>it</span> <span class='ocrx_word' id='word_1_316' title='bbox 2275 3359 2383 3398; x_wconf 89' lang='lat' dir='ltr'>true</span> <span class='ocrx_word' id='word_1_317' title='bbox 2424 3357 2473 3398; x_wconf 91' lang='lat' dir='ltr'>in</span> 
     </span>
     <span class='ocr_line' id='line_1_49' title="bbox 1477 3423 1824 3473; baseline 0.003 -9"><span class='ocrx_word' id='word_1_318' title='bbox 1477 3423 1551 3464; x_wconf 90' lang='lat' dir='ltr'>his</span> <span class='ocrx_word' id='word_1_319' title='bbox 1576 3433 1684 3464; x_wconf 89' lang='lat' dir='ltr'>own</span> <span class='ocrx_word' id='word_1_320' title='bbox 1710 3423 1824 3473; x_wconf 87' lang='lat' dir='ltr'>day.</span> 
     </span>
    </p>

    <p class='ocr_par' dir='ltr' id='par_1_10' title="bbox 1479 3489 2478 3598">
     <span class='ocr_line' id='line_1_50' title="bbox 1541 3489 2478 3540; baseline 0.002 -10"><span class='ocrx_word' id='word_1_321' title='bbox 1541 3489 1620 3531; x_wconf 87' lang='lat'>10.</span> <span class='ocrx_word' id='word_1_322' title='bbox 1655 3497 1719 3531; x_wconf 77' lang='lat' dir='ltr'>ex</span> <span class='ocrx_word' id='word_1_323' title='bbox 1770 3489 1873 3531; x_wconf 79' lang='lat' dir='ltr'>hac</span> <span class='ocrx_word' id='word_1_324' title='bbox 1923 3489 2104 3540; x_wconf 73' lang='lat' dir='ltr'>parte:</span> <span class='ocrx_word' id='word_1_325' title='bbox 2152 3489 2229 3532; x_wconf 88' lang='lat' dir='ltr'>i.e.</span> <span class='ocrx_word' id='word_1_326' title='bbox 2277 3500 2342 3531; x_wconf 92' lang='lat' dir='ltr'>on</span> <span class='ocrx_word' id='word_1_327' title='bbox 2391 3491 2478 3533; x_wconf 84' lang='lat' dir='ltr'>the</span> 
     </span>
     <span class='ocr_line' id='line_1_51' title="bbox 1479 3554 1820 3598; baseline -0.006 0"><span class='ocrx_word' id='word_1_328' title='bbox 1479 3555 1673 3598; x_wconf 88' lang='lat' dir='ltr'>Roman</span> <span class='ocrx_word' id='word_1_329' title='bbox 1704 3554 1820 3597; x_wconf 87' lang='lat' dir='ltr'>side.</span> 
     </span>
    </p>

    <p class='ocr_par' dir='ltr' id='par_1_11' title="bbox 1541 3621 2474 3674">
     <span class='ocr_line' id='line_1_52' title="bbox 1541 3621 2474 3674; baseline 0.003 -11"><span class='ocrx_word' id='word_1_330' title='bbox 1541 3623 1620 3664; x_wconf 85' lang='lat'>11.</span> <span class='ocrx_word' id='word_1_331' title='bbox 1655 3621 1795 3672; x_wconf 81' lang='lat' dir='ltr'>quin</span> <span class='ocrx_word' id='word_1_332' title='bbox 1821 3651 1833 3663; x_wconf 91' lang='lat'><strong>.</strong></span> <span class='ocrx_word' id='word_1_333' title='bbox 1861 3651 1873 3663; x_wconf 91' lang='lat'><strong>.</strong></span> <span class='ocrx_word' id='word_1_334' title='bbox 1899 3651 1912 3663; x_wconf 91' lang='lat'><strong>.</strong></span> <span class='ocrx_word' id='word_1_335' title='bbox 1934 3622 2203 3666; x_wconf 60' lang='lat' dir='ltr'>conici-132:</span> <span class='ocrx_word' id='word_1_336' title='bbox 2232 3641 2275 3656; x_wconf 94' lang='lat'><em>=</em></span> <span class='ocrx_word' id='word_1_337' title='bbox 2302 3622 2474 3674; x_wconf 70' lang='lat' dir='ltr'>confer.</span> 
     </span>
    </p>

    <p class='ocr_par' dir='ltr' id='par_1_12' title="bbox 1542 3687 2477 3740">
     <span class='ocr_line' id='line_1_53' title="bbox 1542 3687 2477 3740; baseline 0.003 -10"><span class='ocrx_word' id='word_1_338' title='bbox 1542 3689 1620 3730; x_wconf 81' lang='lat'>12.</span> <span class='ocrx_word' id='word_1_339' title='bbox 1655 3687 1979 3731; x_wconf 78' lang='lat' dir='ltr'>consulum:</span> <span class='ocrx_word' id='word_1_340' title='bbox 2005 3689 2124 3731; x_wconf 88' lang='lat' dir='ltr'>with</span> <span class='ocrx_word' id='word_1_341' title='bbox 2147 3700 2366 3740; x_wconf 71' lang='lat' dir='ltr'>pamnas.</span> <span class='ocrx_word' id='word_1_342' title='bbox 2413 3691 2477 3733; x_wconf 83' lang='lat' dir='ltr'>in</span> 
     </span>
    </p>

    <p class='ocr_par' dir='ltr' id='par_1_13' title="bbox 1543 3754 2473 3798">
     <span class='ocr_line' id='line_1_54' title="bbox 1543 3754 2473 3798; baseline 0.003 -3"><span class='ocrx_word' id='word_1_343' title='bbox 1543 3784 1554 3796; x_wconf 93' lang='lat'><strong>.</strong></span> <span class='ocrx_word' id='word_1_344' title='bbox 1603 3784 1614 3795; x_wconf 91' lang='lat'><strong>.</strong></span> <span class='ocrx_word' id='word_1_345' title='bbox 1655 3754 1842 3797; x_wconf 71' lang='lat' dir='ltr'>tastise</span> <span class='ocrx_word' id='word_1_346' title='bbox 1886 3756 1976 3797; x_wconf 87' lang='lat' dir='ltr'>“in</span> <span class='ocrx_word' id='word_1_347' title='bbox 2017 3756 2103 3798; x_wconf 90' lang='lat' dir='ltr'>the</span> <span class='ocrx_word' id='word_1_348' title='bbox 2143 3755 2336 3798; x_wconf 89' lang='lat' dir='ltr'>records</span> <span class='ocrx_word' id='word_1_349' title='bbox 2375 3756 2473 3798; x_wconf 86' lang='lat' dir='ltr'>and</span> 
     </span>
    </p>
   </div>
   <div class='ocr_carea' id='block_1_7' title="bbox 1478 3822 2379 3876">
    <p class='ocr_par' dir='ltr' id='par_1_14' title="bbox 1478 3822 2379 3876">
     <span class='ocr_line' id='line_1_55' title="bbox 1478 3822 2379 3876; baseline 0.002 -12"><span class='ocrx_word' id='word_1_350' title='bbox 1478 3822 1653 3864; x_wconf 85' lang='lat' dir='ltr'>official</span> <span class='ocrx_word' id='word_1_351' title='bbox 1683 3822 1840 3864; x_wconf 84' lang='lat' dir='ltr'>lists.&#39;&#39;</span> <span class='ocrx_word' id='word_1_352' title='bbox 1907 3825 1998 3870; x_wconf 77' lang='lat' dir='ltr'>See,</span> <span class='ocrx_word' id='word_1_353' title='bbox 2018 3823 2204 3866; x_wconf 75' lang='lat' dir='ltr'>Introd.</span> <span class='ocrx_word' id='word_1_354' title='bbox 2231 3836 2278 3876; x_wconf 91' lang='lat' dir='ltr'>p.</span> <span class='ocrx_word' id='word_1_355' title='bbox 2308 3825 2379 3867; x_wconf 81' lang='lat'>16.</span> 
     </span>
    </p>
   </div>
  </div>
 </body>
</html>
