2925 4375
473 261 550 316 ix.
591 259 643 327 8]
1344 254 1583 312 LIBER
1619 254 1679 311 II
2498 258 2567 312 ’75

602 444 691 505 ΙΙ.
736 444 980 506 Rerum
1004 441 1237 505 deinde
1258 440 1631 503 divinarum
1655 437 1882 502 habita
1904 458 2083 515 cura;
2106 446 2173 502 et
2196 439 2351 519 quia
2374 459 2570 519 quae-

475 543 630 606 dam
664 542 926 622 publica
960 562 1144 605 sacra
1178 561 1292 620 per
1325 540 1499 619 ipsos
1533 560 1711 619 reges
1746 538 2052 601 factitata
2084 544 2293 615 erant,
2330 538 2565 601 necubi

474 662 700 722 regum
749 641 1138 704 desiderium
1187 647 1374 715 esset,
1412 660 1627 719 regem
1675 638 2106 701 sacrificulum
2156 644 2397 700 creant.
2489 638 2569 706 Id

473 742 912 805 sacerdotium
949 740 1242 820 pontifici
1277 739 1623 815 subiecere,
1662 758 1743 801 ne
1780 737 2043 801 additus
2079 737 2326 800 nomini
2364 738 2569 801 honos

477 840 721 922 aliquid
775 840 1082 917 libertati,
1138 839 1319 901 cuius
1371 845 1527 901 tunc
1580 837 1790 917 prima
1839 844 1980 900 erat
2032 856 2205 912 cura,
2260 838 2562 901 officeret.

602 942 722 1003 IX.
773 942 916 1002 Iam
961 939 1296 1023 Tarquinii
1342 939 1423 1001 ad
1472 939 1734 1000 Lartem
1781 937 2183 1013 Porsinnam,
2235 937 2569 1000 Clusinum

474 1061 710 1121 regem,
768 1042 1204 1120 perfugerant.
1295 1038 1398 1099 Ibi
1454 1038 1783 1101 miscendo
1836 1038 2173 1099 consilium
2220 1054 2571 1118 precesque

474 1160 647 1204 nunc
713 1140 1012 1215 orabant,
1082 1159 1161 1201 ne
1225 1158 1313 1215 se,
1382 1137 1689 1201 oriundos
1754 1158 1835 1199 ex
1903 1138 2211 1213 Etruscis,
2281 1137 2571 1201 eiusdem

471 1240 805 1319 sanguinis
862 1240 1292 1319 nominisque,
1339 1244 1601 1317 egentes
1657 1238 1949 1301 exsulare
1994 1245 2349 1317 pateretur,
2396 1258 2569 1301 nunc

476 1340 833 1403 monebant
901 1340 1122 1415 etiam,
1194 1359 1275 1402 ne
1343 1339 1659 1401 orientem
1731 1358 1975 1400 morem
2045 1337 2323 1418 pellendi
2392 1358 2571 1417 reges

474 1439 758 1503 inultum
833 1440 1089 1503 sineret.
1182 1438 1516 1515 Porsinna,
1595 1457 1744 1499 cum
1818 1458 2033 1517 regem
2108 1458 2243 1500 esse
2321 1439 2572 1501 Romae

475 1547 620 1602 tum
654 1542 964 1603 Etruscae
995 1540 1204 1619 gentis
1232 1559 1446 1617 regem
1478 1539 1769 1617 amplum
1798 1539 2022 1601 Tuscis
2051 1544 2251 1615 ratUS,
2286 1539 2569 1601 Romam

473 1639 712 1702 infesto
753 1640 1041 1702 exercitu
1082 1639 1281 1701 venit.
1373 1640 1522 1701 Non
1568 1658 1885 1718 umquam
1936 1637 2093 1701 alias
2142 1646 2293 1701 ante
2342 1645 2571 1703 tantus

475 1746 682 1801 terror
741 1746 1043 1802 senatum
1104 1739 1346 1801 invasit
1357 1760 1372 1817 ;
1437 1738 1598 1800 adeo
1663 1738 1881 1801 valida
1942 1759 2041 1801 res
2103 1745 2247 1801 tum
2309 1738 2571 1801 Clusina

474 1846 616 1901 erat
674 1858 1112 1919 magnumque
1171 1839 1522 1901 Porsinnae
1578 1858 1836 1900 nomen.
1928 1840 2060 1900 Nec
2118 1839 2337 1901 hostes
2373 1839 2570 1902 modo

475 1938 820 2015 timebant,
890 1938 1001 2001 sed
1069 1944 1356 2002 suosmet
1421 1937 1544 2017 ipsi
1614 1938 1803 2015 civeS,
1873 1958 1953 2000 ne
2020 1940 2323 2002 Romana
2386 1939 2571 2017 plebs

476 2045 656 2101 metu
694 2038 1007 2118 perculsa,
1047 2038 1322 2117 receptis
1359 2038 1425 2100 in
1460 2038 1689 2100 urbem
1728 2038 2005 2117 regibus,
2048 2039 2149 2100 vel
2188 2059 2336 2100 cum
2372 2038 2571 2101 servi-

406 2156 438 2198 6
476 2144 620 2201 tute
671 2156 900 2219 pacem
955 2139 1292 2219 acciperet.
1385 2137 1594 2201 Multa
1645 2138 1843 2218 igitur
1893 2138 2345 2203 blandimenta
2395 2138 2569 2219 plebi

473 2258 590 2318 per
618 2238 684 2300 id
717 2246 977 2323 tempus
1009 2239 1093 2301 ab
1123 2246 1354 2302 senatu
1387 2239 1565 2301 data.
1658 2240 1836 2301 Haec
1868 2239 2273 2318 indulgentia
2302 2246 2567 2318 patrum

475 2340 717 2418 asperis
777 2339 1199 2418 postmodum
1261 2339 1452 2402 rebus
1511 2339 1579 2400 in
1610 2338 1974 2404 .obsidione
2036 2359 2108 2402 ac
2171 2341 2343 2402 fame
2405 2339 2568 2402 adeo

474 2439 859 2501 concordem
935 2439 1270 2501 civitatem
1346 2438 1580 2515 tenuit,
1655 2445 1731 2501 ut
1804 2440 2051 2518 regium
2126 2460 2362 2502 nomen
2436 2461 2569 2502 non

471 2539 710 2602 summi
782 2539 986 2616 magis
1057 2558 1256 2618 quam
1326 2537 1532 2600 infimi
1604 2539 1957 2616 horrerent,
2031 2559 2147 2601 nec
2219 2539 2567 2619 quisquam

469 2657 641 2702 unus
699 2638 884 2701 malis
942 2637 1191 2700 artibus
1247 2645 1477 2716 postea
1533 2645 1672 2701 tam
1729 2637 2060 2717 popularis
2115 2647 2303 2715 esset,
2364 2659 2564 2719 quam

472 2746 616 2801 tum
649 2738 812 2807 bene
840 2738 1222 2817 imperando
1250 2738 1591 2800 universus
1621 2745 1886 2801 senatus
1918 2739 2062 2802 fuit.

532 2954 601 3000 ΙΙ.
637 2955 686 2999 1.
719 2957 929 3002 Rerum
966 2986 980 2999 .
1023 2986 1037 3000 .
1081 2986 1094 2998 .
1123 2953 1473 2998 divinarum:
1636 2955 1728 3001 IX.
1767 2958 1815 2999 1.
1850 2956 2161 3007 Tarquinii:
2209 2956 2294 2998 the
2326 2957 2565 3002 banished

471 3036 549 3067 see
575 3036 640 3066 on
671 3027 820 3077 liberi,
862 3027 902 3068 1.
937 3027 976 3066 1.
1572 3023 1689 3074 king
1722 3023 1867 3066 made
1900 3026 2096 3066 various
2129 3028 2370 3076 attempts
2404 3030 2457 3068 to
2493 3037 2569 3070 re-

533 3094 582 3135 2.
616 3094 894 3144 pontiflci:
917 3103 983 3134 sc.
1007 3091 1231 3134 maximo.
1287 3091 1471 3141 prima
1571 3093 1681 3142 gain
1716 3093 1791 3134 his
1828 3093 2017 3142 throne,
2058 3094 2134 3134 his
2171 3093 2346 3144 appeal
2377 3098 2427 3135 to
2452 3095 2569 3136 Por-

473 3169 628 3203 oura:
655 3171 708 3202 so
734 3159 1030 3210 excessively
1057 3159 1141 3201 did
1169 3159 1288 3209 they
1315 3158 1469 3208 guard
1569 3160 1711 3202 sinna
1733 3161 1878 3210 being
1898 3160 1974 3202 his
1996 3160 2173 3202 second
2190 3165 2421 3212 attempt.
2475 3163 2567 3205 His

475 3227 600 3270 their
639 3239 746 3270 new
785 3227 978 3277 liberty,
1023 3228 1133 3270 that
1175 3227 1261 3269 the
1300 3225 1470 3268 consul
1572 3227 1700 3269 third
1751 3227 1849 3270 and
1897 3227 1992 3270 last
2042 3228 2184 3270 effort
2234 3239 2333 3270 was
2381 3229 2432 3271 in
2481 3230 2567 3274 the

473 3295 527 3337 L.
552 3294 844 3344 Tarquinius
867 3294 1150 3343 Collatinus,
1177 3283 1416 3342 a'lthough
1439 3303 1469 3334 a
1570 3295 1762 3337 famous
1819 3294 1976 3338 battle
2033 3296 2084 3336 of
2143 3297 2274 3338 Lake
2331 3297 2561 3348 Regillus,

472 3363 716 3411 liberator,
764 3373 864 3405 was
910 3362 1158 3413 presently
1203 3362 1366 3403 forced
1413 3364 1469 3403 to
1570 3364 1659 3405 496
1703 3375 1751 3406 Β.
1776 3375 1820 3406 e.
1898 3365 2144 3408 Lartem:
2187 3377 2217 3407 a
2262 3365 2561 3408 Romanized

472 3428 697 3472 abdicate
738 3439 802 3471 on
843 3432 1051 3471 account
1095 3429 1147 3470 of
1187 3428 1263 3470 his
1305 3438 1464 3470 name.
1568 3433 1694 3474 form
1725 3432 1777 3473 of
1809 3432 1892 3475 the
1923 3433 2167 3475 Etruscan
2198 3432 2331 3482 lar-th,
2366 3432 2565 3476 ··1ord.'’

473 3497 656 3538 Brutus
695 3495 889 3537 himself
927 3507 1027 3537 was
1065 3495 1192 3538 later
1231 3496 1463 3546 regarded
1570 3499 1885 3544 clusinum:
1917 3510 1995 3542 see
2026 3511 2089 3542 on
2121 3502 2165 3543 5.
2199 3503 2274 3543 33.
2313 3503 2353 3543 1.

473 3563 590 3606 with
621 3564 866 3615 suspicion
905 3565 969 3614 (2.
1003 3565 1047 3607 7.
1081 3564 1152 3614 9).
1627 3567 1677 3608 4.
1712 3565 1972 3617 amplum
2017 3568 2231 3611 'ruscisz
2296 3567 2366 3610 “a
2427 3570 2564 3617 great

472 3647 564 3689 IX.
606 3647 644 3688 1.
683 3648 724 3688 2.
762 3647 856 3689 4-8.
894 3645 958 3689 X.
1033 3645 1124 3687 TA
1146 3646 1240 3698 RQ
1261 3645 1347 3688 UI
1361 3645 1469 3688 N'S
1566 3633 1720 3676 honor
1751 3633 1826 3674 for
1857 3633 1943 3676 the
1974 3633 2283 3677 Etrurian8.”

534 3714 836 3759 EFFORTS
890 3714 968 3757 TO
1020 3714 1276 3758 REGAIN
1332 3715 1466 3757 ΤΗΕ
1628 3702 1677 3742 6.
1712 3699 2127 3744 blandimenta:
2164 3701 2380 3752 “special
2416 3702 2567 3753 privi-

539 3783 826 3827 THRONE.
945 3784 1124 3827 HORA
1137 3783 1294 3826 PIUS
1377 3784 1470 3825 AT
1565 3767 1744 3817 leges-”

539 3851 674 3893 THE
707 3851 972 3894 BRIDGE.
