2925 4375
299 228 448 280 xlvii.
487 225 540 291 6]
1183 224 1417 277 LIBER
1451 225 1482 277 I
2312 228 2379 279 61

301 426 449 470 (311111
494 406 724 469 domos
771 424 1011 467 vacuas
1058 424 1229 467 novo
1278 403 1691 468 matrimonio
1740 402 2059 482 fecissent,
2112 406 2389 487 iungun-

302 515 411 571 tur
457 506 722 586 nuptiis,
775 504 978 594 tnagis
1027 505 1158 566 non
1204 503 1589 583 prohibente
1638 504 1858 568 Servio
1908 525 2107 586 quam
2156 505 2390 585 adpro-

303 608 520 671 bante.

242 730 264 771 1
428 707 700 769 XLVII.
748 706 918 766 Tum
971 724 1122 765 vero
1173 703 1241 767 in
1293 704 1428 767 dies
1494 704 1788 767 infestior
1837 704 2006 766 Tulli
2070 712 2388 781 senectuS,

304 806 602 870 infestius
626 805 838 883 coepit
860 824 1128 883 regnum
1156 824 1310 867 esse.
1379 804 1523 865 Iam
1550 804 1722 867 enim
1748 804 1831 867 ab
1852 805 2085 867 scelere
2109 804 2191 867 ad
2217 804 2391 868 aliud

305 912 598 985 spectare
643 904 872 966 mulier
897 902 1121 979 scelus,
1152 924 1268 965 nec
1297 910 1488 965 nocte
1524 923 1639 966 nec
1675 904 1956 966 interdiu
2003 906 2217 967 virum
2246 925 2394 968 con-

307 1006 632 1086 quiescere
680 1004 840 1084 pati,
893 1023 974 1066 ne
1023 1004 1311 1081 gratuita
1359 1004 1712 1082 praeterita
1760 1004 2104 1083 parricidia
2152 1012 2393 1069 essent:

243 1129 273 1171 2
306 1127 440 1168 non
497 1104 620 1169 sibi
680 1104 978 1185 defuisse,
1042 1103 1144 1165 cui
1204 1110 1414 1182 nupta
1473 1102 1812 1180 diceretur,
1875 1125 1991 1167 nec
2054 1125 2203 1179 cum
2263 1124 2393 1185 quo

311 1206 516 1267 tacita
563 1205 834 1269 serviret
845 1226 861 1281 ;
912 1204 1212 1280 defuisse,
1266 1202 1378 1283 qui
1427 1223 1495 1265 se
1545 1224 1739 1282 regno
1790 1204 2060 1283 dignum
2110 1211 2395 1285 putaret,

309 1305 424 1386 qui
461 1305 858 1367 meminisset
892 1323 960 1366 se
995 1323 1131 1367 esse
1167 1302 1365 1365 Prisci
1401 1303 1715 1383 Tarquini
1750 1304 1975 1382 filium,
2014 1304 2127 1386 qui
2162 1305 2399 1367 habere

245 1428 275 1470 3
310 1406 512 1485 qua'm
555 1424 810 1483 sperare
855 1423 1124 1482 regnum
1169 1402 1408 1465 mallet.
1501 1403 1598 1467 ‘Si
1641 1410 1713 1467 tu
1758 1403 1812 1467 is
1855 1424 1941 1481 eS‚
1982 1405 2088 1482 cui
2121 1412 2399 1486 nuptam

309 1525 449 1569 esse
490 1524 594 1567 me
635 1504 932 1579 arbitror,
975 1510 1042 1565 et
1084 1503 1296 1565 virum
1337 1509 1404 1566 et
1443 1523 1659 1583 regem
1700 1504 1954 1584 appello
1965 1526 1981 1582 ;
2022 1504 2122 1568 sin
2164 1506 2397 1581 minuS‚

310 1626 387 1668 eo
443 1624 615 1667 nunc
665 1605 846 1684 peius
897 1610 1155 1665 mutata
1203 1623 1302 1667 res
1350 1610 1470 1679 est,
1524 1604 1699 1685 quod
1748 1604 1892 1667 istic
1945 1625 2094 1666 cum
2142 1604 2403 1683 ignavia

248 1729 278 1769 4
310 1712 426 1768 est.
451 1705 678 1767 scelus.
771 1703 943 1781 Quin
990 1702 1374 1781 accingeris?
1462 1704 1611 1766 Non
1658 1704 1779 1767 tibi
1816 1705 1899 1767 ab
1936 1704 2247 1768 Corintho
2285 1724 2402 1767 nec

316 1805 400 1868 ab
475 1804 860 1885 TarquiniiS,
931 1810 1009 1866 ut
1078 1803 1250 1882 patri
1319 1809 1455 1881 tu0,
1527 1804 1861 1884 peregrina
1930 1825 2127 1885 regna
2197 1804 2405 1867 moliri

315 1924 574 1967 necesse
617 1911 744 1993 est;
798 1903 863 1965 di
910 1910 975 1967 te
1019 1910 1288 1983 penates
1331 1904 1659 1984 patriique
1710 1911 1778 1967 et
1830 1906 2035 1985 patris
2077 1905 2293 1984 imago
2337 1911 2405 1967 et

316 2004 552 2067 domus
602 2004 776 2082 regia
824 2010 892 2066 et
943 2002 1010 2065 in
1059 2003 1253 2066 domo
1305 2001 1515 2081 regale
1564 2003 1796 2067 solium
1846 2012 1913 2067 et
1965 2025 2201 2068 nomen
2248 2006 2407 2068 Tar-

252 2129 282 2171 5
316 2104 616 2187 quinium
655 2110 831 2166 creat
868 2109 1190 2183 vocatque
1234 2122 1468 2181 regem.
1560 2104 1695 2167 Aut
1740 2104 1793 2167 si
1840 2105 1923 2167 ad
1968 2105 2126 2167 haec
2173 2124 2405 2188 pamm

317 2212 417 2268 est
442 2203 662 2281 animi,
706 2203 862 2285 quid
916 2202 1244 2267 frustraris
1273 2203 1650 2267 civitatem?
1730 2205 1901 2282 Quid
1942 2214 2007 2270 te
2044 2212 2122 2269 ut
2161 2205 2407 2285 regium

319 2306 626 2368 iuvenem
691 2303 971 2383 conspici
1035 2303 1227 2367 sinis?
1332 2305 1601 2368 Facesse
1665 2305 1813 2367 hinc
1860 2307 2244 2386 Tarquinios
2291 2315 2409 2370 aut

317 2405 728 2480 Corinthum,
781 2403 1123 2467 devolvere
1173 2409 1344 2466 retro
1397 2403 1481 2466 ad
1531 2405 1821 2484 stirpem,
1876 2406 2093 2469 fratris
2142 2405 2409 2470 similior

253 2530 285 2572 6
319 2526 524 2586 quam
561 2504 809 2584 patris'.
899 2505 1020 2568 His
1059 2503 1326 2584 aliisque
1364 2503 1759 2583 increpando
1798 2506 2101 2568 iuvenem
2139 2506 2410 2586 instigat

318 2626 438 2668 nec
497 2605 945 2685 conquiescere
1001 2603 1143 2683 ipsa
1197 2609 1436 2682 potest,
1495 2603 1569 2679 si,
1628 2624 1777 2666 cum
1835 2605 2173 2687 Tanaquil,
2232 2625 2411 2685 pere-

318 2704 509 2784 grina
567 2704 812 2781 mulier,
874 2710 1140 2766 tantum
1200 2702 1406 2765 moliri
1468 2705 1787 2784 potuisset
1847 2706 2085 2782 animo,
2145 2713 2222 2770 ut
2280 2706 2410 2768 duo

319 2804 636 2868 continua
686 2824 883 2883 regna
935 2804 1073 2866 viro
1126 2823 1200 2866 ac
1253 2803 1555 2882 deinceps
1607 2824 1838 2883 genero
1891 2805 2193 2882 dedisset,
2247 2806 2409 2885 ipsa,

317 3024 530 3073 venting
562 3025 602 3066 it
637 3023 802 3067 rather
836 3024 959 3066 than
992 3021 1320 3074 approving;”

325 3091 558 3143 parental
587 3092 948 3140 acquiescence.

385 3157 598 3200 XLVII.
636 3158 684 3199 1.
714 3157 970 3200 intestior
1028 3187 1042 3201 .
1100 3187 1114 3200 .
1172 3186 1186 3200 .
1239 3157 1322 3199 ln-

320 3225 550 3268 testiust
568 3225 760 3275 passive
776 3225 826 3266 in
844 3235 996 3267 sense.
1046 3224 1322 3275 gratuita:

325 3292 419 3335 “to
443 3301 514 3334 no
539 3290 798 3342 purpose.''

385 3360 437 3402 2.
473 3358 566 3401 cui
620 3386 634 3401 .
688 3387 702 3400 .
756 3387 770 3400 .
819 3359 1117 3401 diceretur:
1164 3359 1242 3402 Le.
1293 3369 1323 3401 a

323 3426 556 3469 husband
606 3425 658 3468 in
708 3435 840 3468 mere
889 3436 1035 3468 name
1084 3426 1183 3468 had
1234 3430 1321 3469 not

324 3491 451 3536 been
479 3492 692 3543 lacking.
755 3491 1010 3536 serviret:
1039 3491 1126 3535 her
1155 3493 1324 3535 dream

323 3570 426 3602 was
451 3559 504 3602 os
527 3559 761 3610 reigning.

387 3628 439 3669 8.
472 3626 625 3669 istic:
657 3627 747 3668 “in
777 3625 928 3676 you.'’

387 3695 439 3736 4.
474 3692 639 3744 quin:
668 3710 712 3726 --
739 3693 821 3735 old
851 3693 1080 3744 interrog.
1112 3693 1196 3745 qui
1225 3694 1322 3736 and

324 3771 385 3803 ne
421 3760 576 3810 (non),
613 3759 767 3811 “why
797 3759 936 3803 not.”
998 3761 1325 3811 accingeris:

325 3827 513 3873 middle
561 3827 721 3877 voice:
772 3827 899 3870 after
947 3827 1079 3882 quin,
1132 3837 1212 3873 see
1260 3839 1324 3872 on

1420 3023 1464 3066 9.
1502 3025 1572 3067 18.
1609 3026 1679 3068 11.

1484 3093 1533 3134 8.
1565 3091 1875 3137 trustrarlsz
1907 3094 1993 3137 she
2022 3096 2274 3138 conceives
2304 3096 2415 3138 that

1420 3157 1508 3200 the
1549 3160 1749 3202 citizens
1790 3165 1965 3211 expect
2008 3161 2141 3205 what
2184 3162 2269 3205 she
2310 3162 2417 3205 her-

1421 3225 1511 3267 self
1540 3225 1693 3276 hopes
1722 3227 1812 3269 for.
1875 3228 2099 3278 reglum
2126 3229 2417 3272 iuvenem:

1423 3293 1494 3334 “a
1522 3294 1738 3343 prince.''
1799 3295 1888 3337 See
1916 3305 1980 3336 on
2008 3296 2233 3343 caritatis.
2266 3297 2341 3338 34.
2370 3297 2415 3339 5.

1420 3361 1635 3410 imago:
1666 3372 1745 3404 see
1775 3372 1840 3403 on
1871 3363 1947 3404 34.
1980 3363 2024 3405 6.
2087 3362 2317 3405 taceaco:
2349 3373 2414 3405 sc.

1422 3430 1492 3471 te:
1556 3427 1684 3470 Note
1726 3428 1811 3470 the
1851 3429 2095 3472 intensive
2136 3430 2417 3472 formation.

1423 3494 1713 3536 devolvere
1736 3496 1909 3538 retro:
1936 3495 2159 3538 followed
2186 3496 2253 3546 by
2278 3498 2342 3540 ad
2368 3513 2410 3528 =-

1427 3562 1576 3604 “sink
1608 3563 1736 3604 back
1769 3566 1823 3605 to
1857 3563 1943 3605 the
1973 3562 2097 3605 level
2130 3562 2232 3605 of.''

1488 3630 1536 3671 6.
1571 3629 1799 3672 nullum
1850 3629 2213 3672 momentum
2267 3658 2281 3671 .
2337 3658 2350 3672 .
2407 3659 2419 3671 .

1423 3695 1654 3738 taceret:
1681 3696 1847 3738 “have
1870 3705 1935 3737 no
1957 3695 2191 3747 weight;'’
2214 3695 2420 3740 indirect

1426 3763 1653 3812 thought.
