2925 4375
471 1740 531 1781 10

471 2243 523 2282 11

469 2543 525 2582 12

569 246 637 299 62
1474 242 1541 296 T.
1577 241 1737 296 LIVI
2428 245 2597 311 [xlvii
2636 250 2671 299 6

569 424 742 503 regio
780 423 1024 487 semine
1061 430 1228 499 orta,
1269 421 1521 486 nullum
1562 428 1967 484 momentum
2007 421 2075 485 in
2113 422 2333 486 dando
2372 425 2671 488 adimen-

571 524 785 605 doque
823 543 1020 603 regno
1054 522 1313 586 faceret.

696 624 817 687 His
895 622 1316 685 muliebribus
1391 622 1741 686 instinctus
1817 621 1999 685 furiis
2075 623 2466 705 Tarquinius
2548 626 2671 687 cir-

569 724 813 786 cumire
866 730 936 787 et
990 742 1292 802 prensare
1347 722 1671 784 minorum
1729 722 2011 785 maxime
2065 724 2360 802 gentium
2413 734 2670 805 patres;

571 824 920 887 admonere
961 821 1220 901 paterni
1264 822 1576 899 beneficii,
1622 840 1698 885 ac
1740 841 1858 902 pro
1900 842 1978 885 eo
2022 822 2301 902 gratiam
2344 833 2643 904 repetere
2654 847 2671 901 ‚·

572 924 846 987 adlicere
888 923 1075 986 donis
1132 923 1426 998 iuvenes3
1486 941 1635 984 cum
1693 921 1775 984 de
1830 940 1900 986 se
1956 922 2249 1001 ingentia
2293 924 2668 1005 pollicendo

570 1031 714 1088 tum
756 1024 921 1102 regis
964 1022 1338 1085 criminibus
1378 1022 1682 1085 omnibus
1724 1021 1878 1085 locis
1914 1041 2211 1085 crescere.
2298 1025 2667 1101 Postremo,

569 1131 645 1187 ut
697 1124 828 1185 iam
882 1122 1170 1201 agendae
1222 1122 1311 1184 rei
1355 1128 1616 1202 tempus
1662 1122 1873 1185 visum
1916 1128 2036 1198 est,
2074 1123 2361 1202 stipatus
2404 1126 2669 1205 agmine

570 1230 973 1286 armatorum
1031 1223 1100 1285 in
1158 1222 1372 1285 forum
1429 1222 1695 1301 inrupit.
1785 1222 1949 1284 Inde
2005 1224 2310 1287 omnibus
2352 1226 2669 1304 perculsis

569 1343 831 1403 pavore,
872 1323 942 1386 in
980 1323 1154 1402 regia
1191 1322 1343 1385 sede
1382 1342 1501 1401 pro
1542 1322 1718 1383 curia
1756 1322 2004 1398 sedens,
2047 1330 2267 1401 patres
2304 1323 2373 1387 in
2412 1324 2668 1387 curiam

568 1444 683 1503 per
720 1443 1105 1502 praeconem
1146 1422 1229 1484 ad
1266 1441 1481 1500 regem
1514 1421 1940 1502 Tarquinium
1982 1420 2166 1485 citari
2204 1422 2410 1487 iussit.
2494 1426 2671 1487 Con-

569 1542 801 1586 venere
850 1523 1201 1602 extemp10‚
1255 1521 1362 1584 alii
1410 1521 1544 1583 iam
1595 1528 1748 1584 ante
1798 1520 1883 1584 ad
1933 1522 2054 1585 hoc
2104 1524 2496 1603 praeparati,
2556 1526 2667 1587 alii

569 1630 768 1700 metu,
814 1642 894 1685 ne
937 1644 1068 1685 non
1111 1622 1361 1685 venisse
1402 1620 1617 1683 fraudi
1658 1627 1845 1698 esset,
1890 1621 2188 1685 novitate
2228 1642 2305 1686 ac
2346 1624 2665 1688 miraculo

567 1722 836 1786 attoniti
889 1728 956 1784 et
1009 1722 1142 1785 iam
1196 1721 1277 1783 de
1332 1720 1555 1785 Servio
1611 1727 1832 1782 actum
1887 1720 2032 1784 rati.
2122 1722 2225 1784 Ibi
2267 1724 2667 1804 Tarquinius

568 1822 914 1885 maledicta
978 1822 1063 1884 ab
1123 1821 1326 1900 stirpe
1386 1820 1623 1883 ultima
1684 1840 1893 1883 orsus:
2016 1841 2278 1885 servum
2339 1843 2665 1905 servaque

566 1929 799 1984 natum
849 1928 1000 2001 post
1051 1928 1329 1985 mortem
1379 1920 1716 2000 indignam
1767 1921 2055 2000 parentis
2102 1922 2225 1999 sui,
2278 1944 2411 1988 non
2460 1925 2665 1988 inter-

566 2042 781 2101 regn0‚
843 2028 920 2085 ut
980 2028 1193 2098 antea,
1254 2020 1438 2096 init0,
1503 2041 1635 2082 non
1694 2020 1972 2085 comitiis
2030 2022 2291 2100 habitis,
2354 2046 2486 2088 non
2546 2046 2664 2105 per

564 2121 944 2202 suffragium
1012 2120 1255 2201 populi,
1327 2141 1458 2183 non
1527 2120 1903 2184 auctoribus
1970 2122 2286 2201 patribus,
2360 2124 2659 2188 muliebri

563 2223 734 2285 dono
772 2241 1041 2301 regnum
1079 2240 1446 2300 occupasse.
1530 2221 1638 2282 Ita
1675 2227 1927 2298 natum,
1956 2220 2052 2285 ita
2089 2230 2382 2286 creatum
2418 2245 2657 2304 regem,

563 2323 886 2385 fautorem
931 2321 1136 2384 infimi
1179 2321 1426 2400 generis
1470 2320 1829 2398 hominum,
1874 2341 1957 2383 ex
1999 2343 2131 2403 quo
2172 2323 2310 2403 ipse
2351 2325 2459 2401 sit,
2504 2327 2660 2388 odio

563 2422 808 2485 alienae
861 2421 1223 2484 honestatis
1275 2425 1574 2499 ereptum
1626 2420 2018 2500 primoribus
2070 2443 2298 2502 agrum
2349 2425 2660 2490 sordidis-

561 2522 724 2585 simo
791 2522 1023 2602 cuique
1089 2520 1380 2584 divisisse
1391 2541 1407 2596 3
1475 2520 1695 2583 omnia
1761 2539 1977 2599 onera,
2046 2543 2214 2604 quae
2282 2527 2659 2589 communia

561 2622 892 2703 quondam
936 2620 1196 2696 fuerint,
1227 2619 1567 2683 inclinasse
1593 2619 1657 2682 in
1688 2619 2000 2700 primores
2030 2622 2316 2688 civitatis
2327 2645 2343 2701 ;
2386 2625 2657 2689 institu-

558 2722 681 2785 isse
710 2741 994 2797 censum‚
1017 2729 1094 2784 ut
1117 2719 1384 2799 insignis
1411 2719 1492 2782 ad
1524 2719 1837 2782 invidiam
1864 2721 2356 2802 locupletiorum
2386 2724 2656 2790 fortuna

558 2829 726 2885 esset
769 2829 836 2885 et
883 2828 1134 2900 parata,
1176 2820 1372 2897 unde,
1414 2820 1527 2881 ubi
1573 2820 1788 2897 vellet,
1826 2822 2253 2900 egentissimis
2290 2824 2650 2904 largiretur.

1653 3040 1806 3087 tum:
1838 3053 1903 3087 sc.
1936 3055 2053 3093 esse:
2082 3055 2112 3087 a
2142 3043 2510 3097 colloquialism‚
2548 3046 2652 3090 “all

1652 3121 1718 3161 up
1743 3111 1914 3154 with.''

1716 3178 1794 3220 12.
1829 3187 2087 3223 censum:
2124 3179 2223 3223 this
2257 3181 2422 3232 rating
2456 3183 2509 3224 ot
2543 3183 2652 3226 citi-

620 3043 668 3084 7.
703 3042 993 3085 minorum
1057 3071 1070 3084 .
1136 3071 1150 3084 .
1215 3071 1229 3085 .
1290 3040 1554 3092 gentium

557 3108 765 3160 patres:
807 3120 836 3151 a
875 3109 1038 3158 junior
1076 3109 1202 3151 class
1241 3110 1292 3151 of
1332 3112 1553 3150 senators

555 3176 822 3227 appointed
847 3176 915 3227 by
939 3177 1196 3225 Tarquin’s
1220 3176 1396 3218 father.
1453 3182 1553 3226 pro

555 3250 620 3285 eo
655 3243 922 3293 gratiam:
960 3245 1204 3294 “support
1240 3244 1291 3286 in
1326 3243 1551 3290 return;''

554 3310 640 3352 the
669 3310 855 3352 eternal
884 3311 998 3360 quid
1028 3322 1111 3360 pro
1141 3321 1230 3361 quo
1260 3311 1312 3352 of
1341 3310 1549 3361 politicS.

554 3376 908 3420 criminibus:
940 3377 1047 3428 “by
1076 3378 1276 3427 charges
1305 3377 1550 3426 agamtJ’

558 3444 860 3494 Distinguish
901 3445 1025 3487 from
1064 3445 1227 3487 scelus.

614 3513 664 3553 8.
698 3519 820 3562 pro:
871 3512 959 3553 “in
1000 3512 1084 3554 the
1124 3513 1254 3554 front
1295 3515 1406 3563 part
1446 3511 1549 3554 of.'’

551 3580 623 3622 ad
659 3587 850 3629 regem
889 3579 1283 3629 Tarquinium:
1322 3580 1407 3621 the
1445 3580 1549 3622 offi-

550 3646 642 3688 cial
667 3649 879 3688 warrant
907 3647 980 3687 for
1005 3646 1089 3688 the
1113 3657 1380 3688 summons.

610 3713 660 3755 9.
695 3721 812 3755 non
837 3713 1078 3756 venisse:
1109 3714 1274 3756 “their
1301 3717 1388 3755 not
1417 3724 1547 3755 com-

547 3781 682 3830 ing.”
736 3780 946 3823 fraudi:
971 3780 1073 3823 dat.
1099 3782 1151 3822 of
1173 3791 1403 3831 purpose:
1426 3782 1546 3823 with

547 3849 672 3895 esset.
714 3847 952 3890 translate
991 3848 1163 3890 “work
1200 3848 1392 3890 harm.’'
1461 3857 1548 3890 ac-

1651 3245 1780 3286 zens'
1823 3250 2071 3297 property,
2115 3250 2170 3289 to
2210 3247 2481 3291 determine
2521 3247 2653 3292 their

1650 3312 1773 3354 class
1800 3313 1851 3354 in
1881 3313 1966 3356 the
1994 3314 2214 3357 five-sold
2243 3315 2455 3357 division
2484 3317 2536 3358 of
2564 3317 2651 3360 the

1649 3379 1851 3422 Servian
1876 3381 2224 3431 constitution,
2253 3381 2468 3432 Tarquin
2493 3385 2650 3426 main-

1649 3447 1779 3489 tains
1818 3458 1916 3490 was
1955 3448 2100 3490 made
2138 3449 2188 3490 in
2228 3450 2371 3492 order
2410 3449 2521 3492 that
2564 3451 2649 3494 the

1648 3515 1869 3556 tortunes
1893 3516 1945 3557 of
1967 3515 2052 3557 the
2075 3515 2177 3557 rich
2201 3516 2358 3565 might
2383 3517 2444 3559 be
2468 3517 2649 3568 clearly

1648 3582 1847 3624 marked
1886 3583 1959 3624 for
1994 3583 2223 3632 arousing
2256 3593 2403 3634 envy.
2472 3585 2648 3627 unde:

1657 3667 1697 3680 =
1726 3660 1780 3691 ex
1813 3660 1919 3699 qua.
1956 3650 2271 3700 introducing
2301 3660 2332 3692 a
2364 3651 2449 3693 rel.
2485 3651 2648 3694 clause

1646 3717 1698 3759 of
1742 3727 1965 3768 purpose.
2044 3717 2237 3760 vellet:
2283 3717 2369 3760 the
2414 3718 2645 3761 so-called

1646 3783 1874 3826 iterative
1907 3784 2236 3835 subjunctive.
2509 3781 2515 3785 ”
