2925 4375
1333 238 1397 291 T.
1434 237 1594 291 LIVI

417 244 520 295 126
2243 240 2442 305 [xlviii.
2483 246 2517 293 2

348 432 381 477 3
412 428 600 486 esset.
691 420 983 496 Quorum
1024 418 1604 482 intolerantissima
1661 438 1816 497 gens
1873 420 2216 501 umorique
2275 444 2349 485 ac
2407 422 2522 484 fri-

416 521 550 604 gori
618 520 912 595 adsueta,
982 538 1133 582 cum
1200 524 1385 581 aestu
1452 524 1521 581 et
1589 538 1828 597 angore
1896 526 2159 597 vexata,
2230 521 2521 602 vulgatis

417 620 599 685 velut
658 621 727 683 in
787 639 994 700 pecua
1055 616 1317 693 morbiS‚
1382 624 1809 695 morerentur,
1871 618 2004 681 iam
2065 621 2330 700 pigritia
2389 622 2522 685 s'in-

417 720 598 801 gulos
642 717 992 800 sepeliendi
1037 717 1400 797 promiscue
1447 723 1786 780 acervatos
1832 718 2128 782 cumulos
2174 721 2520 783 hominum

418 820 723 897 urebant,·
786 817 1259 897 bustorumque
1321 813 1473 878 inde
1537 815 1932 879 Gallicorum
1995 818 2256 883 nomine
2320 820 2522 901 insig-

419 927 568 983 n'em
609 918 822 981 locum
862 906 1087 980 fecere.

355 1031 385 1073 4
548 1017 853 1081 Indutiae
924 1015 1156 1079 deinde
1212 1035 1361 1079 cum
1420 1016 1734 1079 Romanis
1805 1016 2019 1081 factae
2073 1026 2140 1082 et
2198 1018 2554 1100 colloquia·

418 1119 731 1199 permissu
793 1118 1260 1196 imperatorum
1322 1114 1552 1178 habita
1562 1136 1578 1192 ;
1639 1115 1707 1178 in
1769 1117 2008 1197 quibus
2070 1138 2219 1181 cum
2281 1118 2524 1182 identi-

418 1218 567 1281 dem
620 1216 787 1280 Galli
836 1216 1080 1279 famem
1129 1215 1459 1278 obicerent
1509 1235 1715 1295 eaque
1766 1218 2152 1281 necessitate
2204 1218 2287 1281 ad
2337 1218 2523 1288 dedi,-

419 1320 663 1381 tionem
750 1321 1080 1391 vocarent,
1168 1314 1406 1377 dicitur
1492 1316 1888 1378 avertendae
1971 1317 2109 1380 eius
2195 1319 2522 1397 opinionis

408 1438 614 1480 causa
670 1416 892 1479 multis
948 1414 1102 1477 locis
1157 1414 1345 1495 panis
1399 1414 1482 1475 de
1537 1415 1858 1493 Capitolio
1914 1416 2199 1480 iactatus
2254 1438 2394 1481 esse
2449 1414 2522 1481 in

353 1532 383 1573 5
418 1519 704 1580 hostium
761 1516 1095 1578 stationes
1187 1513 1312 1576 Sed
1378 1513 1510 1576 iam
1577 1534 1787 1593 neque
1852 1515 2242 1579 dissimulari
2308 1537 2522 1597 neque

418 1616 566 1678 ferri
603 1616 777 1678 ultra
812 1615 1017 1677 sames
1053 1620 1333 1693 poterat.
1425 1613 1662 1693 Itaque
1697 1613 1856 1677 dum
1894 1615 2181 1679 dictator
2202 1616 2520 1680 dilectum

416 1736 532 1796 per
579 1736 646 1777 se
697 1715 947 1777 Ardeae
996 1713 1217 1789 habet,
1270 1714 1656 1793 magistrum
1705 1715 2005 1795 equitum
2058 1717 2127 1778 L.
2181 1717 2516 1780 Valerium

418 1837 458 1878 a
523 1815 675 1878 Veis
743 1814 1063 1877 adducere
1131 1813 1490 1876 exercitum
1560 1812 1762 1889 iubet,
1834 1822 2026 1893 parat
2096 1816 2516 1898 instruitque,

352 1929 385 1973 6
417 1914 654 1996 quibus
691 1913 867 1976 haud
906 1912 1117 1991 impar
1155 1911 1489 1974 adoriatur
1526 1912 1766 1988 hostes,
1806 1912 2068 1977 interim
2106 1916 2518 1994 Capitolinus

415 2014 737 2077 exercitus
785 2012 1180 2075 stationibus
1230 2010 1594 2091 vigiliisque
1643 2010 1867 2088 fessus,
1918 2016 2242 2094 superatis
2290 2022 2518 2078 tamen

418 2113 720 2177 humanis
794 2111 1097 2174 omnibus
1173 2110 1377 2187 malis,
1456 2131 1607 2173 cum
1682 2111 1926 2176 famem
2001 2134 2203 2176 unam
2277 2122 2520 2178 natura

352 2231 383 2274 7
419 2213 588 2277 vinci
653 2235 786 2276 non
848 2213 1105 2287 sineret,
1174 2211 1347 2274 diem
1426 2209 1508 2274 de
1587 2211 1692 2275 die
1755 2221 2198 2293 prospectam,
2263 2216 2518 2296 ecquod

419 2312 734 2377 auxilium
786 2312 869 2384 ab
920 2312 1239 2374 dictatore
1292 2318 1656 2390 appareret,
1708 2319 2038 2393 postremo
2089 2335 2202 2393 spe
2253 2321 2515 2396 quoque

417 2414 569 2489 iam,
622 2435 754 2476 non
804 2411 1015 2474 solum
1068 2412 1211 2473 cibo
1263 2410 1604 2474 deficiente
1653 2418 1743 2488 et,
1796 2434 1948 2475 011111
1997 2415 2315 2478 stationes
2367 2421 2518 2494 pro-

418 2500 739 2588 cederent,
788 2531 989 2591 prope
1034 2510 1463 2573 obruentibus
1507 2511 1842 2574 infirmum
1889 2534 2122 2593 corpus
2169 2514 2366 2576 armis
2412 2515 2515 2577 vel

417 2612 567 2676 dedi
611 2611 714 2675 vel
756 2610 987 2674 redimi
1029 2631 1117 2687 se,
1165 2630 1582 2691 quacumque
1624 2612 1928 2691 pactione
1971 2620 2258 2692 possent,
2305 2613 2512 2689 iussit,

416 2713 814 2776 iactantibus
860 2733 992 2774 non
1036 2711 1307 2773 obscure
1353 2709 1555 2773 Gallis
1600 2711 1776 2774 haud
1824 2733 2064 2792 magna
2108 2713 2400 2776 mercede
2446 2733 2514 2776 se

351 2831 384 2874 8
418 2812 653 2876 adduci
706 2831 913 2893 posse,
970 2817 1046 2874 ut
1098 2809 1504 2873 obsidionem
1555 2810 1946 2892 relinquant.
2044 2814 2213 2875 Tum
2248 2819 2514 2876 senatus

480 2965 530 3008 8.
564 2963 861 3014 umorique
924 2972 988 3006 ac
1050 2961 1269 3013 frigori:
1333 2961 1419 3004 the

419 3032 637 3074 Romans
686 3030 955 3081 uniformly
985 3030 1137 3081 speak
1169 3029 1419 3080 disparag-

416 3099 550 3150 ingly
575 3099 626 3140 of
650 3099 736 3141 the
759 3098 997 3140 northern
1022 3096 1235 3138 climate.
1292 3095 1419 3138 bus-

418 3167 720 3215 torumque
754 3193 768 3207 .
802 3192 816 3207 .
850 3193 863 3206 .
896 3163 1260 3208 Gallicorum:
1291 3162 1419 3205 their

418 3236 561 3276 exact
612 3232 842 3281 location‚
896 3230 1086 3280 though
1147 3230 1305 3272 media
1361 3229 1418 3272 in

418 3301 529 3342 urbe
559 3300 654 3348 (22.
685 3301 757 3342 14.
790 3299 883 3348 11),
911 3299 952 3340 is
977 3298 1243 3340 unknown.

480 3369 529 3410 5.
562 3367 621 3410 1..
673 3364 980 3411 valerium:
1067 3362 1314 3415 Probably
1362 3363 1417 3405 L.

420 3434 637 3477 Valerius
676 3433 885 3481 Potitus,
927 3430 1096 3474 consul
1134 3432 1226 3473 392
1263 3442 1313 3474 B.
1352 3441 1415 3480 c..

416 3501 536 3543 with
567 3500 729 3542 whom
764 3498 995 3542 Camillus
1026 3497 1125 3540 had
1158 3498 1256 3540 had
1289 3499 1418 3540 close

416 3567 591 3610 official
611 3566 860 3609 relations,
929 3567 1051 3618 (31).
1107 3564 1336 3615 quibus:
1365 3581 1409 3596 =

416 3646 484 3684 ea,
548 3634 739 3684 quibus,-
797 3643 828 3674 a
888 3632 1271 3682 characterizing
1328 3631 1415 3674 rel.

338 3706 343 3709 ’
416 3701 594 3743 clause.

480 3769 528 3809 6.
562 3766 781 3809 tamen:
812 3763 936 3807 both
957 3765 1191 3814 referring
1212 3765 1339 3807 back
1362 3768 1415 3807 to

416 3833 695 3879 stationibus
734 3863 747 3878 .
788 3863 801 3878 .
842 3862 855 3877 .
897 3831 1061 3882 fessus,
1104 3831 1202 3875 and
1242 3832 1415 3876 antici-

1519 2962 1693 3012 pating
1735 2963 1821 3005 the
1864 2963 2142 3008 concessive
2185 2974 2292 3008 eum
2336 2963 2514 3008 clause.

1579 3032 1627 3074 7.
1663 3031 2045 3080 prospectans:
2085 3031 2170 3074 the
2191 3031 2378 3076 clauses
2399 3033 2517 3074 thus

1518 3095 1594 3138 far
1607 3096 1803 3147 explain
1817 3097 1932 3148 why
1947 3097 2180 3140 Camillus
2193 3099 2235 3140 is
2247 3098 2425 3141 looked
2440 3101 2516 3142 for

1517 3173 1570 3204 so
1586 3163 1798 3214 eagerly;
1820 3164 1948 3207 after
1969 3167 2197 3214 postremo
2212 3176 2374 3208 comes
2389 3165 2516 3209 their

1517 3229 1622 3272 dire
1655 3231 1910 3284 necessity.
1977 3239 2111 3274 cum
2136 3260 2150 3274 .
2175 3260 2190 3275 .
2215 3261 2230 3275 .
2263 3233 2518 3282 procede-

1515 3297 1667 3340 rent:
1703 3297 1876 3340 “since
1916 3298 2054 3340 there
2086 3309 2187 3340 was
2218 3301 2518 3342 continuous

1516 3365 1700 3406 service
1762 3375 1827 3406 on
1904 3365 2111 3415 guard,”
2195 3365 2228 3408 1.
2251 3377 2294 3410 0.
2381 3368 2517 3410 00οἐ

1517 3435 1633 3474 turn
1684 3441 1823 3474 came
1865 3441 1920 3473 so
1969 3431 2186 3483 quickly.
2263 3435 2516 3484 possent:

1516 3497 1682 3540 future
1707 3498 1758 3540 in
1780 3498 1885 3540 first
1919 3497 2046 3540 form
2080 3499 2131 3540 of
2165 3499 2252 3542 the
2283 3498 2514 3550 thought.

1515 3565 1704 3608 lussit:
1759 3565 1880 3607 with
1939 3565 2180 3616 exercitus,
2232 3568 2517 3618 expressing

1515 3631 1642 3675 their
1668 3630 1781 3675 will.

1577 3700 1626 3741 8.
1659 3698 1962 3742 tribunum
2047 3699 2326 3743 militum:
2412 3700 2516 3744 bal-

1513 3764 1667 3808 anced
1709 3765 1830 3808 with
1871 3766 2084 3816 reo-ulum
2126 3766 2380 3816 Gallorum.
2425 3768 2515 3809 110-

1515 3831 1684 3886 plying
1751 3830 1878 3876 their
1941 3843 2104 3887 power
2169 3837 2224 3880 to
2277 3833 2516 3882 conclude

1219 4345 1228 4347 -
1244 4354 1249 4356 ,
1264 4353 1267 4355 Α
1280 4352 1283 4354 ,
1296 4340 1936 4366 kgz--s———ss-

1278 4363 1355 4371 μ..-

2593 4341 2752 4352 μμ
2765 4337 2914 4374 μψῆ
