2925 4375
469 214 544 271 88
1386 214 1454 273 T.
1496 214 1654 271 LIVI
2243 214 2464 281 [xxviii.
2509 218 2576 270 10

471 395 725 459 vinctos
788 394 871 459 ad
933 414 1002 459 se
1065 394 1301 459 adduci
1363 395 1566 472 iubet,
1629 394 1872 476 oppido
1935 395 2254 460 Corbione
2315 397 2572 461 decedi:

468 495 799 575 sanguinis
843 514 913 559 se
960 495 1335 575 Aequorum
1382 516 1515 558 non
1560 514 1744 574 egere
1753 515 1770 571 3
1819 494 2005 557 licere
2053 496 2259 573 abire3
2305 496 2442 574 sed,
2493 504 2570 561 ut

465 594 874 675 exprimatur
906 593 1176 657 tandem
1211 594 1528 658 confessio
1561 594 1906 657 subactam
1939 593 2396 676 domitamque
2431 617 2568 660 esse

373 707 429 749 11
467 701 747 773 gentem,
804 694 929 757 sub
969 694 1193 773 iugum
1234 694 1546 757 abituros.
1635 693 1869 757 Tribus
1923 693 2131 758 hastis
2185 695 2414 775 iugum
2469 698 2565 773 fit,

469 794 650 857 humi
688 795 833 859 fixis
871 794 1128 857 duabus
1165 813 1487 874 superque
1523 812 1635 857 eas
1673 800 2048 857 transversa
2084 814 2220 858 una
2256 794 2563 877 deligata.
2609 810 2614 814 ·

467 894 602 958 Sub
639 895 759 957 hoc
797 894 1021 973 iugum
1057 893 1341 957 dictator
1377 894 1637 973 Aequos
1674 894 1868 956 misit.

405 1006 426 1047 1
591 994 853 1057 XXIX.
900 994 1143 1057 Castris
1172 994 1458 1057 hostium
1481 994 1756 1073 receptis
1792 992 2000 1075 plenis
2026 995 2324 1058 omnium
2347 989 2564 1061 rerum

466 1128 549 1138 -—
570 1094 779 1157 nudos
821 1093 996 1157 enim
1037 1094 1341 1156 emiserat
1365 1127 1446 1136 —
1466 1092 1778 1173 praedam
1821 1114 2084 1158 omnem
2129 1115 2249 1159 suo
2295 1102 2563 1160 tantum

402 1206 431 1248 2
465 1194 657 1257 militi
707 1194 917 1271 dedit;
969 1193 1371 1257 consularem
1420 1193 1780 1257 exercitum
1831 1194 2179 1276 ipsumque
2231 1196 2563 1260 consulem

464 1295 805 1374 increpans
856 1293 1161 1356 ‘carebis'
1213 1292 1427 1374 inquit
1479 1293 1788 1373 ‘praedae
1837 1301 2045 1373 parte,
2098 1295 2302 1372 miles,
2355 1317 2439 1359 ex
2486 1317 2564 1360 eo

466 1396 670 1470 hoste,
710 1394 813 1456 cui
858 1414 1059 1473 prope
1104 1393 1383 1473 praedae
1428 1393 1637 1470 fuisti;
1681 1400 1749 1456 et
1795 1400 1890 1470 tn,
1931 1394 2002 1455 L.
2044 1394 2308 1471 Minuci,
2356 1396 2562 1459 donec

464 1493 867 1557 consularem
921 1493 1214 1557 animum
1279 1492 1550 1572 incipias
1616 1493 1873 1569 habere,
1922 1492 2176 1573 legatus
2223 1496 2324 1558 his
2371 1495 2565 1575 legio-

400 1604 430 1646 3
463 1593 654 1656 nibus
678 1593 999 1673 praeeris!
1079 1593 1269 1656 Itase
1287 1592 1607 1655 Minucius
1630 1592 1895 1656 abdicat
1917 1593 2285 1671 consulatu,
2320 1595 2564 1658 iussus-

464 1712 589 1773 que
634 1693 716 1755 ad
759 1693 1119 1755 exercitum
1148 1699 1390 1755 manet.
1482 1691 1606 1755 Sed
1635 1692 1798 1755 adeo
1835 1700 1980 1755 tum
2016 1693 2288 1773 imperio
2313 1695 2563 1758 meliori

464 1794 718 1855 animus
749 1799 1087 1856 mansuete
1117 1791 1465 1855 oboediens
1494 1798 1656 1868 erat,
1689 1798 1766 1855 ut
1796 1792 2090 1855 beneficii
2121 1795 2328 1873 magis
2359 1816 2561 1875 quam

462 1892 851 1971 ignominiae
917 1892 1019 1955 hic
1084 1892 1405 1956 exercitus
1473 1911 1721 1954 memor
1782 1898 1850 1955 et
1915 1913 2225 1956 coronam
2294 1914 2560 1958 auream

461 1992 767 2055 dictatori
842 1991 1074 2054 libram
1149 1992 1366 2072 pondo
1442 1991 1819 2069 decreverit,
1894 1998 1964 2055 et
2038 1992 2560 2073 proficiscentem

459 2111 611 2154 eum
649 2099 1003 2172 patronum
1043 2091 1445 2154 salutaverit.

396 2203 426 2245 4
586 2193 835 2255 Romae
887 2214 926 2255 a
976 2192 1051 2268 Q.
1109 2192 1311 2254 Fabio
1362 2191 1692 2271 praefecto
1743 2193 1920 2256 urbis
1969 2201 2238 2258 senatus
2290 2195 2561 2260 habitus

462 2292 976 2372 triumphantem
1024 2291 1423 2368 Quinctium,
1471 2292 1604 2370 qu'o
1649 2293 1954 2356 veniebat
2001 2294 2278 2373 agmine,
2327 2297 2558 2358 urbem

458 2391 706 2471 ingredi
751 2392 957 2455 iussit.
1052 2393 1254 2453 Ducti
1298 2397 1451 2452 ante
1497 2411 1758 2453 currum
1806 2391 2094 2455 hostium
2131 2393 2351 2471 duces,
2391 2396 2560 2457 mili-

458 2492 628 2554 taria
675 2492 861 2570 signa
909 2490 1223 2570 praelata,
1275 2497 1538 2553 secutus
1586 2491 1909 2554 exercitus
1959 2492 2205 2571 praeda
2254 2500 2554 2558 onustus.

363 2575 422 2645 ‘⁵
458 2591 707 2670 Epulae
746 2592 1104 2654 instructae
1142 2589 1450 2652 dicuntur
1500 2589 1694 2652 fuisse
1747 2596 1899 2653 ante
1949 2593 2244 2655 omnium
2295 2593 2554 2672 domus,

454 2691 924 2770 epulantesque
990 2708 1139 2752 cum
1206 2689 1489 2751 carmine
1554 2690 1934 2768 triumphali
1998 2696 2065 2753 et
2129 2691 2558 2758 sollemnibus

454 2790 609 2853 iocis
646 2790 1103 2853 comisantium
1139 2790 1335 2851 modo
1372 2808 1632 2851 currum
1667 2789 1873 2851 secuti
1907 2797 2081 2852 sunt.

389 2901 417 2944 ⁷
578 2890 921 2966 Quinctius
966 2896 1154 2952 sexto
1200 2888 1452 2950 decimo
1498 2887 1602 2949 die
1647 2887 1979 2952 dictatura
2023 2890 2090 2951 in
2135 2911 2251 2954 sex
2298 2875 2556 2957 menses

373 2978 381 2990 ⁸
454 2996 724 3069 accepta
755 2989 1210 3052 se'abdicavit.

514 3191 713 3235 XXIX.
748 3191 796 3233 1.
829 3190 1088 3240 receptis:
1124 3208 1166 3223 ==
1200 3190 1366 3240 capm.
1395 3200 1449 3232 as
1548 3189 1859 3240 represented
1889 3190 1976 3234 the
2003 3191 2199 3234 consuls
2226 3193 2280 3235 in
2308 3193 2438 3236 their
2466 3194 2555 3236 ab·

451 3261 603 3303 often.
667 3258 875 3301 nudos:
905 3258 1145 3299 associate
1174 3257 1295 3299 with
1324 3255 1450 3298 iner-
1548 3267 1704 3299 sence.
1765 3257 1838 3300 Cf.
1873 3259 1914 3299 1.
1944 3251 2021 3301 59.
2056 3260 2128 3302 11.
2189 3259 2556 3310 triumphan-

450 3338 547 3370 mes
573 3327 625 3369 in
652 3326 739 3369 the
766 3325 889 3368 hard
918 3329 1069 3367 terms
1096 3325 1149 3366 ot
1176 3323 1447 3367 surrender.
1547 3323 1691 3366 tem:
1733 3323 1820 3366 the
1861 3325 2076 3375 position
2118 3326 2424 3377 emphasizes
2465 3328 2556 3371 the

450 3394 708 3438 tantum:
736 3410 780 3426 -2
806 3392 957 3434 modo.
1547 3389 1814 3441 voluntary
1843 3391 2012 3433 action
2040 3391 2093 3433 of
2122 3392 2210 3434 the
2237 3395 2430 3442 senate;
2460 3404 2555 3437 nor

510 3463 561 3504 2.
594 3460 830 3511 praedae
854 3459 1059 3511 (rumix
1077 3459 1248 3502 dative
1264 3458 1318 3501 ot
1334 3467 1450 3510 pur·
1546 3467 1648 3499 was
1673 3457 1812 3500 there
1839 3457 1926 3501 the
1951 3461 2238 3510 customary
2260 3458 2414 3512 *delay
2439 3465 2555 3505 out-

448 3540 580 3582 pose.
1546 3524 1650 3567 side
1681 3525 1767 3568 the
1797 3525 1917 3576 city.
2183 3525 2186 3530 '

510 3597 559 3639 8.
592 3596 829 3646 imperio
888 3593 1129 3637 menori:
1190 3593 1449 3644 “superior
1610 3594 1658 3636 5.
1691 3590 2011 3642 epulantem
2053 3602 2122 3636 sc.
2165 3592 2358 3638 milites.
2435 3601 2556 3638 car-

449 3663 706 3715 authority
732 3662 831 3705 and
856 3661 1070 3705 worth.’'
1123 3659 1447 3704 decreverit.
1547 3658 1701 3702 nune
1734 3657 2095 3709 triumphant
2127 3662 2218 3703 not
2252 3660 2554 3713 techmcally

449 3729 538 3771 See
563 3740 628 3771 on
654 3728 911 3780 abstulerit,
975 3729 1016 3770 1.
1049 3728 1120 3770 16.
1154 3729 1195 3770 1.
1547 3737 1576 3768 a
1609 3736 1797 3768 carmen
1828 3725 2132 3777 mamphula.
2198 3727 2272 3770 Cf.
2307 3729 2352 3770 5.
2389 3730 2467 3774 49.
2504 3729 2553 3774 7.

512 3798 560 3838 4.
595 3796 876 3847 praefecto
919 3793 1098 3838 urbis:
1144 3794 1242 3837 this
1286 3794 1449 3837 officer
1546 3791 1938 3837 sollemnibus:
1967 3793 2345 3846 “customary.''
