<?xml version="1.0" encoding="UTF-8"?>
<!DOCTYPE html PUBLIC "-//W3C//DTD XHTML 1.0 Transitional//EN"
    "http://www.w3.org/TR/xhtml1/DTD/xhtml1-transitional.dtd">
<html xmlns="http://www.w3.org/1999/xhtml" xml:lang="en" lang="en">
 <head>
  <title>
</title>
<meta http-equiv="Content-Type" content="text/html;charset=utf-8" />
  <meta name='ocr-system' content='tesseract 3.04.00' />
  <meta name='ocr-capabilities' content='ocr_page ocr_carea ocr_par ocr_line ocrx_word'/>
</head>
<body>
  <div class='ocr_page' id='page_1' title='image "./livyselectionsf01longgoog_0161.png"; bbox 0 0 2925 4375; ppageno 0'>
   <div class='ocr_carea' id='block_1_1' title="bbox 208 152 2488 2830">
    <p class='ocr_par' dir='ltr' id='par_1_1' title="bbox 208 152 2488 2830">
     <span class='ocr_line' id='line_1_1' title="bbox 371 152 2470 234; baseline -0.001 -12"><span class='ocrx_word' id='word_1_1' title='bbox 371 171 486 224; x_wconf 74' lang='lat' dir='ltr'>xix.</span> <span class='ocrx_word' id='word_1_2' title='bbox 524 168 577 234; x_wconf 90' lang='lat'>3]</span> <span class='ocrx_word' id='word_1_3' title='bbox 1242 167 1479 219; x_wconf 84' lang='lat' dir='ltr'>LIBER</span> <span class='ocrx_word' id='word_1_4' title='bbox 1515 166 1604 219; x_wconf 87' lang='lat' dir='ltr'>1x</span> <span class='ocrx_word' id='word_1_5' title='bbox 2365 152 2470 220; x_wconf 85' lang='lat'>157&#39;</span> 
     </span>
     <span class='ocr_line' id='line_1_2' title="bbox 372 347 2462 428; baseline -0.001 -16"><span class='ocrx_word' id='word_1_6' title='bbox 372 351 634 413; x_wconf 88' lang='lat' dir='ltr'>virtutis</span> <span class='ocrx_word' id='word_1_7' title='bbox 672 370 787 412; x_wconf 94' lang='lat' dir='ltr'>nec</span> <span class='ocrx_word' id='word_1_8' title='bbox 826 349 1127 411; x_wconf 88' lang='lat' dir='ltr'>fortunae</span> <span class='ocrx_word' id='word_1_9' title='bbox 1167 348 1296 411; x_wconf 92' lang='lat' dir='ltr'>ullo</span> <span class='ocrx_word' id='word_1_10' title='bbox 1334 347 1437 410; x_wconf 93' lang='lat' dir='ltr'>die</span> <span class='ocrx_word' id='word_1_11' title='bbox 1475 348 1790 427; x_wconf 89' lang='lat' dir='ltr'>populum</span> <span class='ocrx_word' id='word_1_12' title='bbox 1830 347 2462 428; x_wconf 76' lang='lat' dir='ltr'>Romanum-paeni-</span> 
     </span>
     <span class='ocr_line' id='line_1_3' title="bbox 273 446 2461 529; baseline -0.001 -16"><span class='ocrx_word' id='word_1_13' title='bbox 273 462 333 503; x_wconf 88' lang='grc'>13</span> <span class='ocrx_word' id='word_1_14' title='bbox 368 452 514 513; x_wconf 88' lang='lat' dir='ltr'>tuit.</span> <span class='ocrx_word' id='word_1_15' title='bbox 608 451 714 525; x_wconf 89' lang='lat' dir='ltr'>Et,</span> <span class='ocrx_word' id='word_1_16' title='bbox 772 469 900 529; x_wconf 92' lang='lat' dir='ltr'>quo</span> <span class='ocrx_word' id='word_1_17' title='bbox 966 449 1096 521; x_wconf 87' lang='lat' dir='ltr'>sint</span> <span class='ocrx_word' id='word_1_18' title='bbox 1164 447 1583 509; x_wconf 90' lang='lat' dir='ltr'>mirabiliores</span> <span class='ocrx_word' id='word_1_19' title='bbox 1650 467 1849 527; x_wconf 90' lang='lat' dir='ltr'>quam</span> <span class='ocrx_word' id='word_1_20' title='bbox 1916 446 2281 509; x_wconf 85' lang='lat' dir='ltr'><strong>Alexander</strong></span> <span class='ocrx_word' id='word_1_21' title='bbox 2346 455 2461 510; x_wconf 90' lang='lat' dir='ltr'>aut</span> 
     </span>
     <span class='ocr_line' id='line_1_4' title="bbox 372 546 2456 631; baseline -0.002 -19"><span class='ocrx_word' id='word_1_22' title='bbox 372 551 715 631; x_wconf 91' lang='lat' dir='ltr'>quisquam</span> <span class='ocrx_word' id='word_1_23' title='bbox 747 570 879 624; x_wconf 87' lang='lat' dir='ltr'>rex,</span> <span class='ocrx_word' id='word_1_24' title='bbox 914 548 1114 610; x_wconf 92' lang='lat' dir='ltr'>denos</span> <span class='ocrx_word' id='word_1_25' title='bbox 1149 547 1536 626; x_wconf 87' lang='lat' dir='ltr'>vicenosque</span> <span class='ocrx_word' id='word_1_26' title='bbox 1568 547 1704 609; x_wconf 93' lang='lat' dir='ltr'>dies</span> <span class='ocrx_word' id='word_1_27' title='bbox 1737 546 2005 626; x_wconf 90' lang='lat' dir='ltr'>quidam</span> <span class='ocrx_word' id='word_1_28' title='bbox 2036 546 2456 624; x_wconf 72' lang='lat' dir='ltr'>dictaturam,</span> 
     </span>
     <span class='ocr_line' id='line_1_5' title="bbox 273 646 2460 729; baseline 0 -19"><span class='ocrx_word' id='word_1_29' title='bbox 273 662 348 710; x_wconf 84' lang='lat'>14.</span> <span class='ocrx_word' id='word_1_30' title='bbox 368 671 559 713; x_wconf 92' lang='lat' dir='ltr'>nemo</span> <span class='ocrx_word' id='word_1_31' title='bbox 603 649 750 729; x_wconf 90' lang='lat' dir='ltr'>plus</span> <span class='ocrx_word' id='word_1_32' title='bbox 795 669 993 728; x_wconf 92' lang='lat' dir='ltr'>quam</span> <span class='ocrx_word' id='word_1_33' title='bbox 1040 667 1284 710; x_wconf 90' lang='lat' dir='ltr'>annum</span> <span class='ocrx_word' id='word_1_34' title='bbox 1330 646 1742 709; x_wconf 89' lang='lat' dir='ltr'>consulatum</span> <span class='ocrx_word' id='word_1_35' title='bbox 1786 647 1980 726; x_wconf 89' lang='lat' dir='ltr'>gessit</span> <span class='ocrx_word' id='word_1_36' title='bbox 1991 667 2008 724; x_wconf 86' lang='lat'>;</span> <span class='ocrx_word' id='word_1_37' title='bbox 2054 648 2136 709; x_wconf 87' lang='lat' dir='ltr'>ab</span> <span class='ocrx_word' id='word_1_38' title='bbox 2181 648 2460 711; x_wconf 91' lang='lat' dir='ltr'>tribunis</span> 
     </span>
     <span class='ocr_line' id='line_1_6' title="bbox 369 746 2462 831; baseline 0 -21"><span class='ocrx_word' id='word_1_39' title='bbox 369 750 573 831; x_wconf 90' lang='lat' dir='ltr'>plebis</span> <span class='ocrx_word' id='word_1_40' title='bbox 640 748 915 811; x_wconf 88' lang='lat' dir='ltr'>dilectus</span> <span class='ocrx_word' id='word_1_41' title='bbox 982 748 1280 827; x_wconf 90' lang='lat' dir='ltr'>impediti</span> <span class='ocrx_word' id='word_1_42' title='bbox 1345 754 1500 809; x_wconf 93' lang='lat' dir='ltr'>sunt</span> <span class='ocrx_word' id='word_1_43' title='bbox 1511 767 1528 824; x_wconf 88' lang='lat'>;</span> <span class='ocrx_word' id='word_1_44' title='bbox 1595 753 1744 827; x_wconf 91' lang='lat' dir='ltr'>post</span> <span class='ocrx_word' id='word_1_45' title='bbox 1812 753 2072 826; x_wconf 88' lang='lat' dir='ltr'>tempus</span> <span class='ocrx_word' id='word_1_46' title='bbox 2141 746 2224 809; x_wconf 90' lang='lat' dir='ltr'>ad</span> <span class='ocrx_word' id='word_1_47' title='bbox 2293 747 2462 810; x_wconf 89' lang='lat' dir='ltr'>bella</span> 
     </span>
     <span class='ocr_line' id='line_1_7' title="bbox 370 847 2457 928; baseline -0 -17"><span class='ocrx_word' id='word_1_48' title='bbox 370 851 581 913; x_wconf 91' lang='lat' dir='ltr'>ierunt</span> <span class='ocrx_word' id='word_1_49' title='bbox 592 870 608 926; x_wconf 75' lang='lat'><em>5</em></span> <span class='ocrx_word' id='word_1_50' title='bbox 671 855 823 911; x_wconf 81' lang='lat' dir='ltr'>ante</span> <span class='ocrx_word' id='word_1_51' title='bbox 883 855 1143 928; x_wconf 92' lang='lat' dir='ltr'>tempus</span> <span class='ocrx_word' id='word_1_52' title='bbox 1203 848 1615 909; x_wconf 90' lang='lat' dir='ltr'>comitiorum</span> <span class='ocrx_word' id='word_1_53' title='bbox 1676 867 1872 909; x_wconf 90' lang='lat' dir='ltr'>causa</span> <span class='ocrx_word' id='word_1_54' title='bbox 1930 847 2217 909; x_wconf 89' lang='lat' dir='ltr'>revocati</span> <span class='ocrx_word' id='word_1_55' title='bbox 2277 854 2430 910; x_wconf 90' lang='lat' dir='ltr'>sunt</span> <span class='ocrx_word' id='word_1_56' title='bbox 2442 868 2457 924; x_wconf 89' lang='lat'>;</span> 
     </span>
     <span class='ocr_line' id='line_1_8' title="bbox 272 946 2488 1029; baseline -0.001 -18"><span class='ocrx_word' id='word_1_57' title='bbox 272 964 333 1005; x_wconf 87' lang='lat'>15</span> <span class='ocrx_word' id='word_1_58' title='bbox 370 952 436 1012; x_wconf 91' lang='lat' dir='ltr'>in</span> <span class='ocrx_word' id='word_1_59' title='bbox 475 950 613 1029; x_wconf 89' lang='lat' dir='ltr'>ipso</span> <span class='ocrx_word' id='word_1_60' title='bbox 652 955 892 1011; x_wconf 93' lang='lat' dir='ltr'>conatu</span> <span class='ocrx_word' id='word_1_61' title='bbox 928 968 1142 1009; x_wconf 91' lang='lat' dir='ltr'>rerum</span> <span class='ocrx_word' id='word_1_62' title='bbox 1181 946 1557 1025; x_wconf 75' lang='lat' dir='ltr'>circumegit</span> <span class='ocrx_word' id='word_1_63' title='bbox 1593 966 1660 1009; x_wconf 89' lang='lat' dir='ltr'>se</span> <span class='ocrx_word' id='word_1_64' title='bbox 1699 967 1906 1009; x_wconf 88' lang='lat' dir='ltr'>annus</span> <span class='ocrx_word' id='word_1_65' title='bbox 1917 966 1934 1023; x_wconf 87' lang='lat'>;</span> <span class='ocrx_word' id='word_1_66' title='bbox 1971 946 2250 1026; x_wconf 83' lang='lat' dir='ltr'>collegae</span> <span class='ocrx_word' id='word_1_67' title='bbox 2287 968 2488 1010; x_wconf 92' lang='lat' dir='ltr'>nunc·</span> 
     </span>
     <span class='ocr_line' id='line_1_9' title="bbox 370 1046 2457 1128; baseline -0.001 -15"><span class='ocrx_word' id='word_1_68' title='bbox 370 1050 703 1113; x_wconf 84' lang='lat' dir='ltr'>temeritas</span> <span class='ocrx_word' id='word_1_69' title='bbox 754 1070 927 1110; x_wconf 93' lang='lat' dir='ltr'>nunc</span> <span class='ocrx_word' id='word_1_70' title='bbox 979 1048 1270 1128; x_wconf 88' lang='lat' dir='ltr'>pravitas</span> <span class='ocrx_word' id='word_1_71' title='bbox 1321 1047 1788 1125; x_wconf 82' lang='lat' dir='ltr'>impedimento</span> <span class='ocrx_word' id='word_1_72' title='bbox 1843 1053 1958 1109; x_wconf 89' lang='lat' dir='ltr'>aut</span> <span class='ocrx_word' id='word_1_73' title='bbox 2009 1046 2252 1109; x_wconf 90' lang='lat' dir='ltr'>damno</span> <span class='ocrx_word' id='word_1_74' title='bbox 2305 1046 2457 1124; x_wconf 85' lang='lat' dir='ltr'>fuit;</span> 
     </span>
     <span class='ocr_line' id='line_1_10' title="bbox 372 1146 2457 1227; baseline -0 -16"><span class='ocrx_word' id='word_1_75' title='bbox 372 1149 537 1212; x_wconf 91' lang='lat' dir='ltr'>male</span> <span class='ocrx_word' id='word_1_76' title='bbox 592 1149 787 1227; x_wconf 91' lang='lat' dir='ltr'>gestis</span> <span class='ocrx_word' id='word_1_77' title='bbox 840 1148 1031 1210; x_wconf 90' lang='lat' dir='ltr'>rebus</span> <span class='ocrx_word' id='word_1_78' title='bbox 1088 1148 1351 1210; x_wconf 90' lang='lat' dir='ltr'>alterius</span> <span class='ocrx_word' id='word_1_79' title='bbox 1404 1166 1772 1209; x_wconf 91' lang='lat' dir='ltr'>successum</span> <span class='ocrx_word' id='word_1_80' title='bbox 1825 1153 1925 1209; x_wconf 90' lang='lat' dir='ltr'>est</span> <span class='ocrx_word' id='word_1_81' title='bbox 1936 1167 1952 1223; x_wconf 88' lang='lat'>;</span> <span class='ocrx_word' id='word_1_82' title='bbox 2007 1146 2287 1209; x_wconf 89' lang='lat' dir='ltr'>tironem</span> <span class='ocrx_word' id='word_1_83' title='bbox 2344 1154 2457 1210; x_wconf 92' lang='lat' dir='ltr'>aut</span> 
     </span>
     <span class='ocr_line' id='line_1_11' title="bbox 208 1244 2458 1328; baseline 0 -18"><span class='ocrx_word' id='word_1_84' title='bbox 208 1320 212 1325; x_wconf 22' lang='lat'><strong>⁴</strong></span> <span class='ocrx_word' id='word_1_85' title='bbox 272 1262 333 1303; x_wconf 85' lang='lat'>16</span> <span class='ocrx_word' id='word_1_86' title='bbox 370 1249 541 1312; x_wconf 91' lang='lat' dir='ltr'>mala</span> <span class='ocrx_word' id='word_1_87' title='bbox 602 1248 943 1328; x_wconf 85' lang='lat' dir='ltr'>disciplina</span> <span class='ocrx_word' id='word_1_88' title='bbox 1005 1248 1385 1310; x_wconf 90' lang='lat' dir='ltr'>institutum</span> <span class='ocrx_word' id='word_1_89' title='bbox 1442 1247 1801 1309; x_wconf 83' lang='lat' dir='ltr'>exercitum</span> <span class='ocrx_word' id='word_1_90' title='bbox 1855 1254 2260 1326; x_wconf 86' lang='lat' dir='ltr'>acceperunt.</span> <span class='ocrx_word' id='word_1_91' title='bbox 2344 1244 2458 1311; x_wconf 75' lang='lat' dir='ltr'>‘At</span> 
     </span>
     <span class='ocr_line' id='line_1_12' title="bbox 370 1346 2454 1428; baseline 0 -17"><span class='ocrx_word' id='word_1_92' title='bbox 370 1349 626 1412; x_wconf 90' lang='lat' dir='ltr'>hercule</span> <span class='ocrx_word' id='word_1_93' title='bbox 680 1370 858 1428; x_wconf 91' lang='lat' dir='ltr'>reges</span> <span class='ocrx_word' id='word_1_94' title='bbox 912 1370 1044 1411; x_wconf 91' lang='lat' dir='ltr'>non</span> <span class='ocrx_word' id='word_1_95' title='bbox 1098 1348 1279 1409; x_wconf 89' lang='lat' dir='ltr'>liberi</span> <span class='ocrx_word' id='word_1_96' title='bbox 1313 1346 1544 1409; x_wconf 65' lang='lat' dir='ltr'>&gt;solum</span> <span class='ocrx_word' id='word_1_97' title='bbox 1598 1346 2080 1426; x_wconf 83' lang='lat' dir='ltr'>impedimentis</span> <span class='ocrx_word' id='word_1_98' title='bbox 2133 1348 2454 1424; x_wconf 78' lang='lat' dir='ltr'>omnibuS,</span> 
     </span>
     <span class='ocr_line' id='line_1_13' title="bbox 368 1447 2453 1527; baseline 0 -16"><span class='ocrx_word' id='word_1_99' title='bbox 368 1450 478 1511; x_wconf 91' lang='lat' dir='ltr'>sed</span> <span class='ocrx_word' id='word_1_100' title='bbox 514 1450 760 1512; x_wconf 90' lang='lat' dir='ltr'>domini</span> <span class='ocrx_word' id='word_1_101' title='bbox 793 1468 1007 1510; x_wconf 89' lang='lat' dir='ltr'>rerum</span> <span class='ocrx_word' id='word_1_102' title='bbox 1041 1455 1543 1527; x_wconf 90' lang='lat' dir='ltr'>temporumque</span> <span class='ocrx_word' id='word_1_103' title='bbox 1577 1447 1850 1509; x_wconf 90' lang='lat' dir='ltr'>trahunt</span> <span class='ocrx_word' id='word_1_104' title='bbox 1886 1447 2164 1509; x_wconf 91' lang='lat' dir='ltr'>consiliis</span> <span class='ocrx_word' id='word_1_105' title='bbox 2199 1455 2453 1524; x_wconf 89' lang='lat' dir='ltr'>cuncta,</span> 
     </span>
     <span class='ocr_line' id='line_1_14' title="bbox 271 1546 2458 1628; baseline 0 -17"><span class='ocrx_word' id='word_1_106' title='bbox 271 1562 331 1603; x_wconf 89' lang='lat'>1⁷</span> <span class='ocrx_word' id='word_1_107' title='bbox 366 1571 497 1612; x_wconf 92' lang='lat' dir='ltr'>non</span> <span class='ocrx_word' id='word_1_108' title='bbox 550 1554 930 1628; x_wconf 86' lang='lat' dir='ltr'>sequuntur.</span> <span class='ocrx_word' id='word_1_109' title='bbox 1031 1548 1325 1610; x_wconf 90' lang='lat' dir='ltr'>Invictus</span> <span class='ocrx_word' id='word_1_110' title='bbox 1378 1567 1529 1627; x_wconf 89' lang='lat' dir='ltr'>ergo</span> <span class='ocrx_word' id='word_1_111' title='bbox 1576 1546 1941 1609; x_wconf 86' lang='lat' dir='ltr'>Alexander</span> <span class='ocrx_word' id='word_1_112' title='bbox 1995 1568 2144 1609; x_wconf 92' lang='lat' dir='ltr'>cum</span> <span class='ocrx_word' id='word_1_113' title='bbox 2197 1547 2458 1611; x_wconf 90' lang='lat' dir='ltr'>invictis</span> 
     </span>
     <span class='ocr_line' id='line_1_15' title="bbox 369 1647 2454 1727; baseline 0 -17"><span class='ocrx_word' id='word_1_114' title='bbox 369 1649 641 1711; x_wconf 89' lang='lat' dir='ltr'>ducibus</span> <span class='ocrx_word' id='word_1_115' title='bbox 698 1647 867 1710; x_wconf 89' lang='lat' dir='ltr'>bella</span> <span class='ocrx_word' id='word_1_116' title='bbox 923 1648 1238 1727; x_wconf 87' lang='lat' dir='ltr'>gessisset,</span> <span class='ocrx_word' id='word_1_117' title='bbox 1298 1653 1365 1709; x_wconf 92' lang='lat' dir='ltr'>et</span> <span class='ocrx_word' id='word_1_118' title='bbox 1421 1647 1651 1709; x_wconf 89' lang='lat' dir='ltr'>eadem</span> <span class='ocrx_word' id='word_1_119' title='bbox 1708 1647 2010 1710; x_wconf 87' lang='lat' dir='ltr'>fortunae</span> <span class='ocrx_word' id='word_1_120' title='bbox 2067 1648 2333 1727; x_wconf 90' lang='lat' dir='ltr'>pignera</span> <span class='ocrx_word' id='word_1_121' title='bbox 2387 1649 2454 1711; x_wconf 92' lang='lat' dir='ltr'>in</span> 
     </span>
     <span class='ocr_line' id='line_1_16' title="bbox 274 1747 2457 1828; baseline 0.004 -24"><span class='ocrx_word' id='word_1_122' title='bbox 274 1762 333 1804; x_wconf 89' lang='lat'>18</span> <span class='ocrx_word' id='word_1_123' title='bbox 368 1750 710 1811; x_wconf 91' lang='lat' dir='ltr'>discrimen</span> <span class='ocrx_word' id='word_1_124' title='bbox 758 1748 1122 1825; x_wconf 88' lang='lat' dir='ltr'>detulisset,</span> <span class='ocrx_word' id='word_1_125' title='bbox 1173 1748 1374 1809; x_wconf 90' lang='lat' dir='ltr'>immo</span> <span class='ocrx_word' id='word_1_126' title='bbox 1422 1748 1625 1810; x_wconf 89' lang='lat' dir='ltr'>etiam</span> <span class='ocrx_word' id='word_1_127' title='bbox 1674 1768 1750 1810; x_wconf 93' lang='lat' dir='ltr'>eo</span> <span class='ocrx_word' id='word_1_128' title='bbox 1800 1747 1944 1827; x_wconf 91' lang='lat' dir='ltr'>plus</span> <span class='ocrx_word' id='word_1_129' title='bbox 1994 1748 2258 1828; x_wconf 91' lang='lat' dir='ltr'>periculi</span> <span class='ocrx_word' id='word_1_130' title='bbox 2306 1749 2457 1812; x_wconf 90' lang='lat' dir='ltr'>sub-</span> 
     </span>
     <span class='ocr_line' id='line_1_17' title="bbox 370 1847 2452 1929; baseline 0.001 -19"><span class='ocrx_word' id='word_1_131' title='bbox 370 1849 541 1924; x_wconf 83' lang='lat' dir='ltr'>isset,</span> <span class='ocrx_word' id='word_1_132' title='bbox 606 1849 779 1929; x_wconf 92' lang='lat' dir='ltr'>quod</span> <span class='ocrx_word' id='word_1_133' title='bbox 843 1848 1225 1911; x_wconf 89' lang='lat' dir='ltr'>Macedones</span> <span class='ocrx_word' id='word_1_134' title='bbox 1284 1868 1490 1910; x_wconf 91' lang='lat' dir='ltr'>unum</span> <span class='ocrx_word' id='word_1_135' title='bbox 1551 1847 1994 1909; x_wconf 88' lang='lat' dir='ltr'>Alexandrum</span> <span class='ocrx_word' id='word_1_136' title='bbox 2056 1849 2452 1926; x_wconf 85' lang='lat' dir='ltr'>habuissent,</span> 
     </span>
     <span class='ocr_line' id='line_1_18' title="bbox 370 1948 2456 2023; baseline 0 -14"><span class='ocrx_word' id='word_1_137' title='bbox 370 1949 590 2012; x_wconf 91' lang='lat' dir='ltr'>multis</span> <span class='ocrx_word' id='word_1_138' title='bbox 649 1950 901 2011; x_wconf 90' lang='lat' dir='ltr'>casibus</span> <span class='ocrx_word' id='word_1_139' title='bbox 958 1970 1088 2011; x_wconf 89' lang='lat' dir='ltr'>non</span> <span class='ocrx_word' id='word_1_140' title='bbox 1143 1948 1353 2011; x_wconf 91' lang='lat' dir='ltr'>solum</span> <span class='ocrx_word' id='word_1_141' title='bbox 1408 1948 1787 2023; x_wconf 86' lang='lat' dir='ltr'>obnoxium,</span> <span class='ocrx_word' id='word_1_142' title='bbox 1845 1948 1958 2010; x_wconf 90' lang='lat' dir='ltr'>sed</span> <span class='ocrx_word' id='word_1_143' title='bbox 2013 1949 2214 2011; x_wconf 89' lang='lat' dir='ltr'>etiam</span> <span class='ocrx_word' id='word_1_144' title='bbox 2269 1950 2456 2012; x_wconf 85' lang='lat' dir='ltr'>offer-</span> 
     </span>
     <span class='ocr_line' id='line_1_19' title="bbox 274 2047 2456 2128; baseline 0 -18"><span class='ocrx_word' id='word_1_145' title='bbox 274 2063 333 2105; x_wconf 85' lang='lat'>19</span> <span class='ocrx_word' id='word_1_146' title='bbox 368 2056 585 2112; x_wconf 93' lang='lat' dir='ltr'>entem</span> <span class='ocrx_word' id='word_1_147' title='bbox 636 2070 723 2125; x_wconf 92' lang='lat' dir='ltr'>se,</span> <span class='ocrx_word' id='word_1_148' title='bbox 779 2048 1061 2112; x_wconf 87' lang='lat' dir='ltr'>Romani</span> <span class='ocrx_word' id='word_1_149' title='bbox 1113 2047 1303 2110; x_wconf 91' lang='lat' dir='ltr'>multi</span> <span class='ocrx_word' id='word_1_150' title='bbox 1354 2047 1629 2110; x_wconf 87' lang='lat' dir='ltr'>fuissent</span> <span class='ocrx_word' id='word_1_151' title='bbox 1681 2047 2050 2111; x_wconf 86' lang='lat' dir='ltr'>Alexandro</span> <span class='ocrx_word' id='word_1_152' title='bbox 2103 2048 2204 2111; x_wconf 88' lang='lat' dir='ltr'>vel</span> <span class='ocrx_word' id='word_1_153' title='bbox 2256 2049 2456 2128; x_wconf 87' lang='lat' dir='ltr'>gloria</span> 
     </span>
     <span class='ocr_line' id='line_1_20' title="bbox 372 2148 2454 2229; baseline 0.001 -19"><span class='ocrx_word' id='word_1_154' title='bbox 372 2149 471 2212; x_wconf 90' lang='lat' dir='ltr'>vel</span> <span class='ocrx_word' id='word_1_155' title='bbox 514 2171 726 2213; x_wconf 90' lang='lat' dir='ltr'>rerum</span> <span class='ocrx_word' id='word_1_156' title='bbox 773 2150 1219 2229; x_wconf 86' lang='lat' dir='ltr'>magnitudine</span> <span class='ocrx_word' id='word_1_157' title='bbox 1263 2168 1469 2228; x_wconf 91' lang='lat' dir='ltr'>pares,</span> <span class='ocrx_word' id='word_1_158' title='bbox 1517 2168 1794 2228; x_wconf 92' lang='lat' dir='ltr'>quorum</span> <span class='ocrx_word' id='word_1_159' title='bbox 1838 2168 1954 2211; x_wconf 90' lang='lat' dir='ltr'>suo</span> <span class='ocrx_word' id='word_1_160' title='bbox 2000 2148 2272 2229; x_wconf 92' lang='lat' dir='ltr'>quisque</span> <span class='ocrx_word' id='word_1_161' title='bbox 2317 2149 2454 2213; x_wconf 85' lang='lat' dir='ltr'>fato</span> 
     </span>
     <span class='ocr_line' id='line_1_21' title="bbox 368 2244 2035 2331; baseline -0.001 -20"><span class='ocrx_word' id='word_1_162' title='bbox 368 2251 504 2313; x_wconf 88' lang='lat' dir='ltr'>sine</span> <span class='ocrx_word' id='word_1_163' title='bbox 542 2251 799 2331; x_wconf 90' lang='lat' dir='ltr'>publico</span> <span class='ocrx_word' id='word_1_164' title='bbox 838 2244 1204 2312; x_wconf 89' lang='lat' dir='ltr'>discrimine</span> <span class='ocrx_word' id='word_1_165' title='bbox 1244 2250 1493 2311; x_wconf 87' lang='lat' dir='ltr'>viveret</span> <span class='ocrx_word' id='word_1_166' title='bbox 1532 2255 2035 2328; x_wconf 91' lang='lat' dir='ltr'>morereturque.</span> 
     </span>
     <span class='ocr_line' id='line_1_22' title="bbox 305 2349 2453 2429; baseline 0.002 -23"><span class='ocrx_word' id='word_1_167' title='bbox 305 2366 327 2406; x_wconf 93' lang='lat'>1</span> <span class='ocrx_word' id='word_1_168' title='bbox 493 2352 682 2412; x_wconf 91' lang='lat' dir='ltr'>XIX.</span> <span class='ocrx_word' id='word_1_169' title='bbox 733 2352 987 2427; x_wconf 85' lang='lat' dir='ltr'>Restat,</span> <span class='ocrx_word' id='word_1_170' title='bbox 1071 2356 1148 2413; x_wconf 87' lang='lat' dir='ltr'>ut</span> <span class='ocrx_word' id='word_1_171' title='bbox 1230 2350 1451 2429; x_wconf 90' lang='lat' dir='ltr'>copiae</span> <span class='ocrx_word' id='word_1_172' title='bbox 1535 2349 1733 2428; x_wconf 89' lang='lat' dir='ltr'>copiis</span> <span class='ocrx_word' id='word_1_173' title='bbox 1815 2357 2274 2428; x_wconf 88' lang='lat' dir='ltr'>comparentur</span> <span class='ocrx_word' id='word_1_174' title='bbox 2354 2351 2453 2414; x_wconf 90' lang='lat' dir='ltr'>vel</span> 
     </span>
     <span class='ocr_line' id='line_1_23' title="bbox 371 2448 2451 2530; baseline 0 -18"><span class='ocrx_word' id='word_1_175' title='bbox 371 2471 636 2514; x_wconf 88' lang='lat' dir='ltr'>numero</span> <span class='ocrx_word' id='word_1_176' title='bbox 684 2450 784 2513; x_wconf 91' lang='lat' dir='ltr'>vel</span> <span class='ocrx_word' id='word_1_177' title='bbox 831 2451 1113 2513; x_wconf 91' lang='lat' dir='ltr'>militum</span> <span class='ocrx_word' id='word_1_178' title='bbox 1158 2470 1384 2530; x_wconf 88' lang='lat' dir='ltr'>genere</span> <span class='ocrx_word' id='word_1_179' title='bbox 1431 2448 1533 2511; x_wconf 90' lang='lat' dir='ltr'>vel</span> <span class='ocrx_word' id='word_1_180' title='bbox 1580 2448 2000 2512; x_wconf 89' lang='lat' dir='ltr'>multitudine</span> <span class='ocrx_word' id='word_1_181' title='bbox 2047 2450 2451 2513; x_wconf 86' lang='lat' dir='ltr'>auxiliorum.</span> 
     </span>
     <span class='ocr_line' id='line_1_24' title="bbox 304 2549 2457 2630; baseline 0.003 -22"><span class='ocrx_word' id='word_1_182' title='bbox 304 2568 334 2607; x_wconf 92' lang='lat'>2</span> <span class='ocrx_word' id='word_1_183' title='bbox 369 2551 812 2614; x_wconf 86' lang='lat' dir='ltr'>Censebantur</span> <span class='ocrx_word' id='word_1_184' title='bbox 882 2553 1020 2614; x_wconf 91' lang='lat' dir='ltr'>eius</span> <span class='ocrx_word' id='word_1_185' title='bbox 1093 2551 1326 2613; x_wconf 90' lang='lat' dir='ltr'>aetatis</span> <span class='ocrx_word' id='word_1_186' title='bbox 1399 2549 1618 2612; x_wconf 91' lang='lat' dir='ltr'>lustris</span> <span class='ocrx_word' id='word_1_187' title='bbox 1675 2549 1929 2612; x_wconf 88' lang='lat' dir='ltr'>ducena</span> <span class='ocrx_word' id='word_1_188' title='bbox 1999 2551 2457 2630; x_wconf 90' lang='lat' dir='ltr'>quinquagena</span> 
     </span>
     <span class='ocr_line' id='line_1_25' title="bbox 371 2648 2455 2731; baseline 0.001 -22"><span class='ocrx_word' id='word_1_189' title='bbox 371 2650 548 2712; x_wconf 89' lang='lat' dir='ltr'>milia</span> <span class='ocrx_word' id='word_1_190' title='bbox 614 2652 923 2731; x_wconf 92' lang='lat' dir='ltr'>capitum.</span> <span class='ocrx_word' id='word_1_191' title='bbox 1038 2651 1274 2730; x_wconf 87' lang='lat' dir='ltr'>Itaque</span> <span class='ocrx_word' id='word_1_192' title='bbox 1342 2649 1410 2711; x_wconf 90' lang='lat' dir='ltr'>in</span> <span class='ocrx_word' id='word_1_193' title='bbox 1477 2648 1656 2712; x_wconf 86' lang='lat' dir='ltr'>omni</span> <span class='ocrx_word' id='word_1_194' title='bbox 1724 2649 2086 2712; x_wconf 89' lang='lat' dir='ltr'>defectione</span> <span class='ocrx_word' id='word_1_195' title='bbox 2137 2651 2455 2714; x_wconf 91' lang='lat' dir='ltr'>sociorum</span> 
     </span>
     <span class='ocr_line' id='line_1_26' title="bbox 371 2749 2484 2830; baseline 0 -19"><span class='ocrx_word' id='word_1_196' title='bbox 371 2750 587 2812; x_wconf 88' lang='lat' dir='ltr'>Latini</span> <span class='ocrx_word' id='word_1_197' title='bbox 626 2752 902 2814; x_wconf 91' lang='lat' dir='ltr'>nominis</span> <span class='ocrx_word' id='word_1_198' title='bbox 940 2752 1189 2814; x_wconf 91' lang='lat' dir='ltr'>urbano</span> <span class='ocrx_word' id='word_1_199' title='bbox 1228 2770 1427 2830; x_wconf 91' lang='lat' dir='ltr'>prope</span> <span class='ocrx_word' id='word_1_200' title='bbox 1464 2749 1708 2812; x_wconf 80' lang='lat' dir='ltr'>dilectu</span> <span class='ocrx_word' id='word_1_201' title='bbox 1745 2749 1968 2812; x_wconf 91' lang='lat' dir='ltr'>decem</span> <span class='ocrx_word' id='word_1_202' title='bbox 2007 2751 2484 2827; x_wconf 37' lang='lat' dir='ltr'>scribebantur„</span> 
     </span>
    </p>
   </div>
   <div class='ocr_carea' id='block_1_2' title="bbox 302 2848 2506 2936">
    <p class='ocr_par' dir='ltr' id='par_1_2' title="bbox 302 2848 2506 2936">
     <span class='ocr_line' id='line_1_27' title="bbox 302 2848 2506 2936; baseline 0.003 -28"><span class='ocrx_word' id='word_1_203' title='bbox 302 2867 333 2908; x_wconf 88' lang='lat'><strong>3</strong></span> <span class='ocrx_word' id='word_1_204' title='bbox 370 2848 646 2928; x_wconf 89' lang='lat' dir='ltr'>legiones</span> <span class='ocrx_word' id='word_1_205' title='bbox 657 2871 673 2926; x_wconf 90' lang='lat'>,·</span> <span class='ocrx_word' id='word_1_206' title='bbox 748 2853 1047 2930; x_wconf 89' lang='lat' dir='ltr'>quaterni</span> <span class='ocrx_word' id='word_1_207' title='bbox 1122 2852 1430 2930; x_wconf 90' lang='lat' dir='ltr'>quinique</span> <span class='ocrx_word' id='word_1_208' title='bbox 1504 2850 1826 2912; x_wconf 85' lang='lat' dir='ltr'>exercitus</span> <span class='ocrx_word' id='word_1_209' title='bbox 1898 2870 2091 2929; x_wconf 82' lang='lat' dir='ltr'>saepe</span> <span class='ocrx_word' id='word_1_210' title='bbox 2164 2871 2278 2930; x_wconf 92' lang='lat' dir='ltr'>per</span> <span class='ocrx_word' id='word_1_211' title='bbox 2349 2872 2506 2936; x_wconf 74' lang='lat' dir='ltr'>eos¹</span> 
     </span>
    </p>
   </div>
   <div class='ocr_carea' id='block_1_3' title="bbox 368 3034 1365 3817">
    <p class='ocr_par' dir='ltr' id='par_1_3' title="bbox 368 3034 1363 3287">
     <span class='ocr_line' id='line_1_28' title="bbox 432 3034 1363 3087; baseline 0 -10"><span class='ocrx_word' id='word_1_212' title='bbox 432 3035 511 3078; x_wconf 78' lang='grc'>13.</span> <span class='ocrx_word' id='word_1_213' title='bbox 544 3044 658 3087; x_wconf 79' lang='lat' dir='ltr'>quo</span> <span class='ocrx_word' id='word_1_214' title='bbox 684 3034 823 3078; x_wconf 73' lang='lat' dir='ltr'>nint:</span> <span class='ocrx_word' id='word_1_215' title='bbox 852 3035 937 3078; x_wconf 82' lang='lat' dir='ltr'>the</span> <span class='ocrx_word' id='word_1_216' title='bbox 963 3045 1173 3087; x_wconf 77' lang='lat' dir='ltr'>purpose</span> <span class='ocrx_word' id='word_1_217' title='bbox 1201 3035 1253 3078; x_wconf 86' lang='lat' dir='ltr'>of</span> <span class='ocrx_word' id='word_1_218' title='bbox 1278 3034 1363 3078; x_wconf 86' lang='lat' dir='ltr'>the</span> 
     </span>
     <span class='ocr_line' id='line_1_29' title="bbox 368 3102 1362 3153; baseline 0.002 -9"><span class='ocrx_word' id='word_1_219' title='bbox 368 3102 614 3153; x_wconf 75' lang='lat' dir='ltr'>following</span> <span class='ocrx_word' id='word_1_220' title='bbox 666 3106 949 3145; x_wconf 81' lang='lat' dir='ltr'>statement.</span> <span class='ocrx_word' id='word_1_221' title='bbox 1036 3103 1362 3153; x_wconf 76' lang='lat' dir='ltr'>quisquam:</span> 
     </span>
     <span class='ocr_line' id='line_1_30' title="bbox 378 3169 1363 3221; baseline 0.002 -10"><span class='ocrx_word' id='word_1_222' title='bbox 378 3187 421 3203; x_wconf 54' lang='grc' dir='ltr'>τ-</span> <span class='ocrx_word' id='word_1_223' title='bbox 448 3170 588 3219; x_wconf 81' lang='lat' dir='ltr'>ullus,</span> <span class='ocrx_word' id='word_1_224' title='bbox 612 3181 665 3212; x_wconf 87' lang='lat' dir='ltr'>as</span> <span class='ocrx_word' id='word_1_225' title='bbox 685 3170 821 3212; x_wconf 77' lang='lat' dir='ltr'>often</span> <span class='ocrx_word' id='word_1_226' title='bbox 840 3170 890 3212; x_wconf 92' lang='lat' dir='ltr'>in</span> <span class='ocrx_word' id='word_1_227' title='bbox 912 3170 1053 3221; x_wconf 82' lang='lat' dir='ltr'><strong>Livy.</strong></span> <span class='ocrx_word' id='word_1_228' title='bbox 1106 3169 1363 3220; x_wconf 67' lang='lat' dir='ltr'>quidam:</span> 
     </span>
     <span class='ocr_line' id='line_1_31' title="bbox 370 3237 715 3287; baseline 0 -9"><span class='ocrx_word' id='word_1_229' title='bbox 370 3247 435 3279; x_wconf 85' lang='lat' dir='ltr'>sc.</span> <span class='ocrx_word' id='word_1_230' title='bbox 464 3237 715 3287; x_wconf 64' lang='lat' dir='ltr'>cesserunt.</span> 
     </span>
    </p>

    <p class='ocr_par' dir='ltr' id='par_1_4' title="bbox 368 3303 1365 3681">
     <span class='ocr_line' id='line_1_32' title="bbox 434 3303 1365 3347; baseline 0.002 -2"><span class='ocrx_word' id='word_1_231' title='bbox 434 3304 512 3345; x_wconf 74' lang='lat'>14.</span> <span class='ocrx_word' id='word_1_232' title='bbox 545 3303 617 3346; x_wconf 68' lang='lat' dir='ltr'>ab</span> <span class='ocrx_word' id='word_1_233' title='bbox 648 3303 915 3347; x_wconf 73' lang='lat' dir='ltr'>tribunis:</span> <span class='ocrx_word' id='word_1_234' title='bbox 947 3303 1032 3346; x_wconf 89' lang='lat' dir='ltr'>the</span> <span class='ocrx_word' id='word_1_235' title='bbox 1062 3304 1282 3346; x_wconf 87' lang='lat' dir='ltr'>tribunes</span> <span class='ocrx_word' id='word_1_236' title='bbox 1313 3305 1365 3347; x_wconf 76' lang='lat' dir='ltr'>of</span> 
     </span>
     <span class='ocr_line' id='line_1_33' title="bbox 371 3370 1363 3421; baseline 0.001 -8"><span class='ocrx_word' id='word_1_237' title='bbox 371 3370 455 3413; x_wconf 89' lang='lat' dir='ltr'>the</span> <span class='ocrx_word' id='word_1_238' title='bbox 478 3371 738 3413; x_wconf 86' lang='lat' dir='ltr'>Commons</span> <span class='ocrx_word' id='word_1_239' title='bbox 760 3370 859 3412; x_wconf 86' lang='lat' dir='ltr'>had</span> <span class='ocrx_word' id='word_1_240' title='bbox 884 3371 968 3413; x_wconf 88' lang='lat' dir='ltr'>the</span> <span class='ocrx_word' id='word_1_241' title='bbox 991 3380 1151 3421; x_wconf 90' lang='lat' dir='ltr'>power</span> <span class='ocrx_word' id='word_1_242' title='bbox 1174 3371 1225 3413; x_wconf 81' lang='lat' dir='ltr'>of</span> <span class='ocrx_word' id='word_1_243' title='bbox 1247 3376 1363 3414; x_wconf 88' lang='lat' dir='ltr'>veto</span> 
     </span>
     <span class='ocr_line' id='line_1_34' title="bbox 369 3437 1361 3487; baseline 0.004 -9"><span class='ocrx_word' id='word_1_244' title='bbox 369 3437 466 3479; x_wconf 86' lang='lat' dir='ltr'>and</span> <span class='ocrx_word' id='word_1_245' title='bbox 494 3449 618 3480; x_wconf 90' lang='lat' dir='ltr'>were</span> <span class='ocrx_word' id='word_1_246' title='bbox 643 3437 922 3487; x_wconf 77' lang='lat' dir='ltr'>frequently</span> <span class='ocrx_word' id='word_1_247' title='bbox 949 3437 1361 3482; x_wconf 88' lang='lat' dir='ltr'>obstructionists.</span> 
     </span>
     <span class='ocr_line' id='line_1_35' title="bbox 369 3504 1363 3555; baseline 0 -7"><span class='ocrx_word' id='word_1_248' title='bbox 369 3505 619 3555; x_wconf 72' lang='lat' dir='ltr'>tempus:</span> <span class='ocrx_word' id='word_1_249' title='bbox 643 3505 719 3548; x_wconf 71' lang='lat' dir='ltr'>Le.</span> <span class='ocrx_word' id='word_1_250' title='bbox 746 3505 831 3547; x_wconf 91' lang='lat' dir='ltr'>the</span> <span class='ocrx_word' id='word_1_251' title='bbox 856 3504 983 3553; x_wconf 84' lang='lat' dir='ltr'>right</span> <span class='ocrx_word' id='word_1_252' title='bbox 1010 3505 1144 3546; x_wconf 90' lang='lat' dir='ltr'>time.</span> <span class='ocrx_word' id='word_1_253' title='bbox 1194 3507 1363 3548; x_wconf 75' lang='lat' dir='ltr'>eoml-</span> 
     </span>
     <span class='ocr_line' id='line_1_36' title="bbox 369 3571 1363 3615; baseline -0.003 0"><span class='ocrx_word' id='word_1_254' title='bbox 369 3572 582 3615; x_wconf 74' lang='lat' dir='ltr'>tiorum</span> <span class='ocrx_word' id='word_1_255' title='bbox 630 3579 821 3614; x_wconf 75' lang='lat' dir='ltr'>causa:</span> <span class='ocrx_word' id='word_1_256' title='bbox 873 3571 957 3613; x_wconf 84' lang='lat' dir='ltr'>the</span> <span class='ocrx_word' id='word_1_257' title='bbox 1007 3571 1200 3613; x_wconf 88' lang='lat' dir='ltr'>consuls</span> <span class='ocrx_word' id='word_1_258' title='bbox 1249 3582 1363 3613; x_wconf 91' lang='lat' dir='ltr'>con-</span> 
     </span>
     <span class='ocr_line' id='line_1_37' title="bbox 368 3638 933 3681; baseline -0.004 0"><span class='ocrx_word' id='word_1_259' title='bbox 368 3638 549 3681; x_wconf 89' lang='lat' dir='ltr'>ducted</span> <span class='ocrx_word' id='word_1_260' title='bbox 577 3639 662 3681; x_wconf 88' lang='lat' dir='ltr'>the</span> <span class='ocrx_word' id='word_1_261' title='bbox 688 3638 933 3681; x_wconf 79' lang='lat' dir='ltr'>electioris.</span> 
     </span>
    </p>

    <p class='ocr_par' dir='ltr' id='par_1_5' title="bbox 370 3703 1362 3817">
     <span class='ocr_line' id='line_1_38' title="bbox 421 3703 1345 3757; baseline 0.001 -11"><span class='ocrx_word' id='word_1_262' title='bbox 421 3706 499 3749; x_wconf 76' lang='lat'>15.</span> <span class='ocrx_word' id='word_1_263' title='bbox 513 3704 921 3756; x_wconf 65' lang='lat' dir='ltr'>impedimento</span> <span class='ocrx_word' id='word_1_264' title='bbox 932 3713 944 3746; x_wconf 72' lang='grc' dir='ltr'><strong><em>ε</em></strong></span> <span class='ocrx_word' id='word_1_265' title='bbox 955 3703 1059 3747; x_wconf 83' lang='lat' dir='ltr'>dat.</span> <span class='ocrx_word' id='word_1_266' title='bbox 1072 3705 1124 3746; x_wconf 81' lang='lat' dir='ltr'>of</span> <span class='ocrx_word' id='word_1_267' title='bbox 1133 3714 1345 3757; x_wconf 85' lang='lat' dir='ltr'>purpose</span> 
     </span>
     <span class='ocr_line' id='line_1_39' title="bbox 370 3771 1362 3817; baseline 0.001 -2"><span class='ocrx_word' id='word_1_268' title='bbox 370 3771 516 3816; x_wconf 75' lang='lat' dir='ltr'>male</span> <span class='ocrx_word' id='word_1_269' title='bbox 562 3801 575 3815; x_wconf 90' lang='lat'><strong>.</strong></span> <span class='ocrx_word' id='word_1_270' title='bbox 622 3801 636 3815; x_wconf 90' lang='lat'><strong>.</strong></span> <span class='ocrx_word' id='word_1_271' title='bbox 683 3801 696 3814; x_wconf 90' lang='lat'><strong>.</strong></span> <span class='ocrx_word' id='word_1_272' title='bbox 738 3780 1059 3817; x_wconf 70' lang='lat' dir='ltr'>succensum</span> <span class='ocrx_word' id='word_1_273' title='bbox 1091 3773 1201 3816; x_wconf 75' lang='lat' dir='ltr'>est:</span> <span class='ocrx_word' id='word_1_274' title='bbox 1248 3771 1362 3816; x_wconf 83' lang='lat' dir='ltr'>“in-</span> 
     </span>
    </p>
   </div>
   <div class='ocr_carea' id='block_1_4' title="bbox 1456 3033 2460 3824">
    <p class='ocr_par' dir='ltr' id='par_1_6' title="bbox 1459 3033 2460 3221">
     <span class='ocr_line' id='line_1_40' title="bbox 1459 3033 2459 3087; baseline 0.002 -10"><span class='ocrx_word' id='word_1_275' title='bbox 1459 3033 1648 3077; x_wconf 87' lang='lat' dir='ltr'>herited</span> <span class='ocrx_word' id='word_1_276' title='bbox 1672 3034 1758 3078; x_wconf 87' lang='lat' dir='ltr'>the</span> <span class='ocrx_word' id='word_1_277' title='bbox 1771 3033 1969 3078; x_wconf 84' lang='lat' dir='ltr'>failures</span> <span class='ocrx_word' id='word_1_278' title='bbox 1983 3035 2035 3077; x_wconf 87' lang='lat' dir='ltr'>of</span> <span class='ocrx_word' id='word_1_279' title='bbox 2055 3046 2086 3078; x_wconf 85' lang='lat' dir='ltr'>a</span> <span class='ocrx_word' id='word_1_280' title='bbox 2099 3035 2459 3087; x_wconf 87' lang='lat' dir='ltr'>predecessor.&#39;&#39;</span> 
     </span>
     <span class='ocr_line' id='line_1_41' title="bbox 1525 3103 2460 3153; baseline 0.002 -9"><span class='ocrx_word' id='word_1_281' title='bbox 1525 3103 1604 3144; x_wconf 72' lang='lat'>1⁶.</span> <span class='ocrx_word' id='word_1_282' title='bbox 1638 3103 1980 3153; x_wconf 77' lang='lat' dir='ltr'>sequuntur:</span> <span class='ocrx_word' id='word_1_283' title='bbox 2025 3113 2092 3150; x_wconf 83' lang='lat' dir='ltr'>sc.</span> <span class='ocrx_word' id='word_1_284' title='bbox 2125 3104 2327 3146; x_wconf 74' lang='lat' dir='ltr'>consilia</span> <span class='ocrx_word' id='word_1_285' title='bbox 2369 3105 2460 3146; x_wconf 81' lang='lat' dir='ltr'>ali-</span> 
     </span>
     <span class='ocr_line' id='line_1_42' title="bbox 1460 3170 2246 3221; baseline -0.001 -11"><span class='ocrx_word' id='word_1_286' title='bbox 1460 3179 1595 3211; x_wconf 85' lang='lat' dir='ltr'>orum</span> <span class='ocrx_word' id='word_1_287' title='bbox 1618 3170 1743 3211; x_wconf 82' lang='lat' dir='ltr'>from</span> <span class='ocrx_word' id='word_1_288' title='bbox 1766 3170 1982 3212; x_wconf 73' lang='lat' dir='ltr'>consiliis</span> <span class='ocrx_word' id='word_1_289' title='bbox 2009 3170 2170 3221; x_wconf 75' lang='lat' dir='ltr'>(suis).</span> <span class='ocrx_word' id='word_1_290' title='bbox 2241 3206 2246 3209; x_wconf 90' lang='lat'><strong>.</strong></span> 
     </span>
    </p>

    <p class='ocr_par' dir='ltr' id='par_1_7' title="bbox 1460 3236 2460 3415">
     <span class='ocr_line' id='line_1_43' title="bbox 1526 3236 2458 3282; baseline 0.002 -3"><span class='ocrx_word' id='word_1_291' title='bbox 1526 3237 1603 3281; x_wconf 83' lang='grc'>17.</span> <span class='ocrx_word' id='word_1_292' title='bbox 1628 3237 1826 3279; x_wconf 73' lang='lat' dir='ltr'>eadem</span> <span class='ocrx_word' id='word_1_293' title='bbox 1843 3266 1856 3279; x_wconf 90' lang='lat'><strong>.</strong></span> <span class='ocrx_word' id='word_1_294' title='bbox 1872 3266 1889 3279; x_wconf 92' lang='lat'><strong>.</strong></span> <span class='ocrx_word' id='word_1_295' title='bbox 1901 3266 1916 3279; x_wconf 92' lang='lat'><strong>.</strong></span> <span class='ocrx_word' id='word_1_296' title='bbox 1927 3236 2245 3281; x_wconf 73' lang='lat' dir='ltr'>detulisset:</span> <span class='ocrx_word' id='word_1_297' title='bbox 2258 3239 2458 3282; x_wconf 84' lang='lat' dir='ltr'>“would</span> 
     </span>
     <span class='ocr_line' id='line_1_44' title="bbox 1460 3302 2460 3348; baseline 0.003 -3"><span class='ocrx_word' id='word_1_298' title='bbox 1460 3302 1589 3346; x_wconf 85' lang='lat' dir='ltr'>have</span> <span class='ocrx_word' id='word_1_299' title='bbox 1629 3303 1802 3346; x_wconf 88' lang='lat' dir='ltr'>staked</span> <span class='ocrx_word' id='word_1_300' title='bbox 1845 3304 1930 3346; x_wconf 85' lang='lat' dir='ltr'>the</span> <span class='ocrx_word' id='word_1_301' title='bbox 1981 3315 2117 3347; x_wconf 88' lang='lat' dir='ltr'>same</span> <span class='ocrx_word' id='word_1_302' title='bbox 2159 3305 2366 3348; x_wconf 84' lang='lat' dir='ltr'>chauces</span> <span class='ocrx_word' id='word_1_303' title='bbox 2408 3307 2460 3348; x_wconf 78' lang='lat' dir='ltr'>of</span> 
     </span>
     <span class='ocr_line' id='line_1_45' title="bbox 1460 3371 1700 3415; baseline 0 -3"><span class='ocrx_word' id='word_1_304' title='bbox 1460 3371 1700 3415; x_wconf 88' lang='lat' dir='ltr'>success.”</span> 
     </span>
    </p>

    <p class='ocr_par' dir='ltr' id='par_1_8' title="bbox 1522 3439 2288 3483">
     <span class='ocr_line' id='line_1_46' title="bbox 1522 3439 2288 3483; baseline 0.001 -3"><span class='ocrx_word' id='word_1_305' title='bbox 1522 3439 1666 3481; x_wconf 89' lang='lat' dir='ltr'><strong>XIX.</strong></span> <span class='ocrx_word' id='word_1_306' title='bbox 1703 3440 1749 3481; x_wconf 85' lang='lat'>1.</span> <span class='ocrx_word' id='word_1_307' title='bbox 1785 3439 2000 3483; x_wconf 71' lang='lat' dir='ltr'>Restat:</span> <span class='ocrx_word' id='word_1_308' title='bbox 2033 3440 2096 3482; x_wconf 76' lang='lat' dir='ltr'>cf.</span> <span class='ocrx_word' id='word_1_309' title='bbox 2137 3441 2208 3483; x_wconf 89' lang='grc'>17.</span> <span class='ocrx_word' id='word_1_310' title='bbox 2245 3441 2288 3482; x_wconf 92' lang='grc'>3.</span> 
     </span>
    </p>

    <p class='ocr_par' dir='ltr' id='par_1_9' title="bbox 1456 3503 2460 3824">
     <span class='ocr_line' id='line_1_47' title="bbox 1522 3503 2456 3548; baseline 0.002 -2"><span class='ocrx_word' id='word_1_311' title='bbox 1522 3507 1572 3546; x_wconf 84' lang='lat'>2.</span> <span class='ocrx_word' id='word_1_312' title='bbox 1605 3503 1822 3547; x_wconf 73' lang='lat' dir='ltr'>lustris:</span> <span class='ocrx_word' id='word_1_313' title='bbox 1846 3505 1930 3546; x_wconf 91' lang='lat' dir='ltr'>the</span> <span class='ocrx_word' id='word_1_314' title='bbox 1951 3505 2152 3547; x_wconf 88' lang='lat' dir='ltr'>citizens</span> <span class='ocrx_word' id='word_1_315' title='bbox 2173 3516 2297 3548; x_wconf 88' lang='lat' dir='ltr'>were</span> <span class='ocrx_word' id='word_1_316' title='bbox 2319 3505 2456 3548; x_wconf 86' lang='lat' dir='ltr'>rated</span> 
     </span>
     <span class='ocr_line' id='line_1_48' title="bbox 1458 3572 2459 3622; baseline 0 -9"><span class='ocrx_word' id='word_1_317' title='bbox 1458 3582 1608 3622; x_wconf 85' lang='lat' dir='ltr'>every</span> <span class='ocrx_word' id='word_1_318' title='bbox 1636 3573 1733 3614; x_wconf 89' lang='lat' dir='ltr'>five</span> <span class='ocrx_word' id='word_1_319' title='bbox 1761 3581 1915 3622; x_wconf 82' lang='lat' dir='ltr'>years,</span> <span class='ocrx_word' id='word_1_320' title='bbox 1948 3572 2088 3614; x_wconf 90' lang='lat' dir='ltr'>when</span> <span class='ocrx_word' id='word_1_321' title='bbox 2118 3583 2147 3614; x_wconf 89' lang='lat' dir='ltr'>a</span> <span class='ocrx_word' id='word_1_322' title='bbox 2176 3573 2376 3615; x_wconf 74' lang='lat' dir='ltr'>lustrum</span> <span class='ocrx_word' id='word_1_323' title='bbox 2405 3584 2459 3615; x_wconf 92' lang='lat' dir='ltr'>or</span> 
     </span>
     <span class='ocr_line' id='line_1_49' title="bbox 1458 3638 2460 3689; baseline 0.001 -10"><span class='ocrx_word' id='word_1_324' title='bbox 1458 3639 1674 3680; x_wconf 88' lang='lat' dir='ltr'>sacrifice</span> <span class='ocrx_word' id='word_1_325' title='bbox 1725 3638 1776 3679; x_wconf 91' lang='lat' dir='ltr'>of</span> <span class='ocrx_word' id='word_1_326' title='bbox 1829 3639 2139 3689; x_wconf 84' lang='lat' dir='ltr'>purification</span> <span class='ocrx_word' id='word_1_327' title='bbox 2198 3639 2460 3688; x_wconf 77' lang='lat' dir='ltr'>(suovetau-</span> 
     </span>
     <span class='ocr_line' id='line_1_50' title="bbox 1456 3704 2460 3757; baseline 0.003 -11"><span class='ocrx_word' id='word_1_328' title='bbox 1456 3704 1596 3754; x_wconf 82' lang='lat' dir='ltr'>rilia)</span> <span class='ocrx_word' id='word_1_329' title='bbox 1652 3704 1845 3755; x_wconf 86' lang='lat' dir='ltr'>usually</span> <span class='ocrx_word' id='word_1_330' title='bbox 1901 3705 2020 3748; x_wconf 92' lang='lat' dir='ltr'>took</span> <span class='ocrx_word' id='word_1_331' title='bbox 2077 3705 2214 3757; x_wconf 88' lang='lat' dir='ltr'>place</span> <span class='ocrx_word' id='word_1_332' title='bbox 2267 3707 2319 3749; x_wconf 91' lang='lat' dir='ltr'>in</span> <span class='ocrx_word' id='word_1_333' title='bbox 2375 3706 2460 3749; x_wconf 90' lang='lat' dir='ltr'>the</span> 
     </span>
     <span class='ocr_line' id='line_1_51' title="bbox 1464 3771 2456 3824; baseline 0.001 -9"><span class='ocrx_word' id='word_1_334' title='bbox 1464 3773 1678 3824; x_wconf 87' lang='lat' dir='ltr'>Campus</span> <span class='ocrx_word' id='word_1_335' title='bbox 1691 3771 1910 3816; x_wconf 75' lang='lat' dir='ltr'>MartiuS.</span> <span class='ocrx_word' id='word_1_336' title='bbox 1938 3774 2118 3818; x_wconf 75' lang='lat' dir='ltr'>omni:</span> <span class='ocrx_word' id='word_1_337' title='bbox 2139 3775 2214 3818; x_wconf 88' lang='lat' dir='ltr'>for</span> <span class='ocrx_word' id='word_1_338' title='bbox 2227 3775 2456 3819; x_wconf 80' lang='lat' dir='ltr'>omnium.</span> 
     </span>
    </p>
   </div>
  </div>
 </body>
</html>
