2925 4375
352 551 415 593 11

1320 257 1556 311 LIBER
1593 254 1684 309 ΙΙΙ
2486 257 2558 313 93

455 260 653 313 xxxvi.
691 258 745 324 5]

457 440 526 502 in
577 438 819 519 primis,
872 436 1048 519 quod
1098 437 1274 501 haud
1325 457 1510 501 secus
1560 436 1812 500 factum
1861 434 2326 515 improbabant
2375 436 2550 514 boni,
2599 480 2610 485 -

456 560 658 619 quam
705 559 897 602 nemo
943 537 1154 601 facere
1201 558 1512 601 ausurum
1547 535 1927 599 crediderat.
2019 535 2234 598 Creati
2281 557 2428 599 cum
2475 557 2552 600 eo

458 640 545 701 M.
616 638 945 701 Cornelius
1012 636 1492 717 Maluginensis,
1564 637 1648 697 M.
1721 635 1995 714 Sergius,
2068 636 2136 696 L.
2210 636 2548 712 MinuciuS,

408 787 419 799 .
458 739 535 815 Q.
580 738 816 800 Fabius
848 736 1231 812 Vibulanus,
1269 737 1343 813 Q.
1384 736 1714 811 PoetiliuS,
1751 736 1824 796 T.
1863 734 2188 797 Antonius
2223 736 2547 812 Merenda,

459 838 546 900 Κ.
577 830 885 912 Duillius,
927 838 1034 916 Sp.
1077 836 1327 915 Oppius
1364 837 1698 911 Cornicen,
1739 835 1848 896 M’.
1891 834 2264 897 Rabuleius.

582 936 903 999 XXXVI.
945 935 1061 999 Ille
1077 937 1223 998 finis
1242 936 1452 1015 Appio
1478 936 1723 998 alienae
1745 955 2058 1013 personae
2074 934 2374 998 ferendae
2397 936 2522 999 fuit
2533 957 2549 1012 ;

455 1058 577 1101 suo
604 1037 735 1099 iam
761 1036 912 1099 inde
941 1036 1158 1099 vivere
1183 1036 1440 1114 ingenio
1469 1035 1703 1113 coepit,
1735 1054 2069 1112 novosque
2098 1034 2390 1123 collegas,
2416 1036 2546 1098 iam

456 1138 838 1217 priusquam
881 1136 1117 1199 inirent
1162 1136 1643 1214 magistratum,
1689 1134 1757 1195 in
1799 1154 1951 1195 suos
1995 1153 2204 1197 mores
2248 1135 2544 1198 formare.

455 1237 740 1300 Cottidie
818 1236 1081 1299 coibant
1157 1235 1423 1299 remotis
1503 1234 1788 1310 arbitris3
1865 1233 2016 1297 inde
2076 1234 2549 1314 impotentibus

457 1336 761 1400 instructi
808 1335 1106 1412 consiliis,
1156 1356 1324 1415 quae
1368 1341 1616 1397 secreto
1663 1335 1748 1397 ab
1795 1332 1933 1395 aliis
1979 1334 2368 1413 coquebant,
2417 1335 2548 1397 iam

458 1436 635 1500 haud
664 1435 1133 1499 dissimulando
1160 1435 1553 1515 superbiam,
1584 1434 1711 1496 rari
1765 1433 2001 1509 aditus»,
2033 1432 2550 1513 colloquentibus

457 1536 768 1611 difficiles,
809 1535 890 1598 ad
931 1534 1087 1597 Idus
1126 1536 1328 1597 Maias
1364 1556 1500 1597 rem
1538 1534 1912 1614 perduxere.

584 1635 743 1698 Idus
807 1641 951 1698 tum
1021 1635 1229 1697 Maiae
1293 1634 1633 1697 sollemnes
1698 1633 1996 1696 ineundis
2061 1634 2550 1713 magistratibus

455 1742 663 1799 erant.
754 1735 930 1797 Inito
992 1735 1189 1813 igitur
1250 1735 1660 1813 magistratu,
1709 1733 1992 1812 primum
2055 1734 2315 1797 honoris
2376 1734 2549 1798 diem

457 1835 954 1898 denuntiatione
1017 1835 1296 1913 ingentis
1358 1835 1619 1896 terroris
1681 1833 1997 1911 insignem
2039 1833 2261 1896 fecere.
2373 1834 2545 1897 Nam

457 1955 606 1998 cum
665 1934 763 1997 ita
819 1935 1063 2015 priores
1122 1934 1470 1996 decemviri
1529 1939 1915 2009 servassent,
1978 1939 2055 1996 ut
2113 1953 2282 1997 unus
2341 1934 2546 1999 fasces

456 2035 746 2111 haberet,
788 2041 856 2097 et
897 2035 1018 2096 hoc
1060 2034 1306 2111 insigne
1346 2034 1593 2112 regium
1634 2033 1701 2094 in
1742 2032 1965 2094 orbem
2005 2054 2192 2095 suam
2235 2034 2544 2114 cuiusque

457 2134 664 2198 vicem
703 2154 817 2214 per
852 2154 1077 2197 omnes
1115 2134 1256 2210 iret,
1296 2134 1515 2198 subito
1553 2152 1778 2196 omnes
1817 2151 1966 2195 cum
2003 2131 2320 2198 duodenis
2357 2134 2546 2198 fasci-

455 2234 578 2298 bus
644 2235 956 2314 prodiere.
1045 2235 1324 2296 Centum
1374 2233 1606 2312 viginti
1689 2232 1943 2296 lictores
2026 2233 2240 2296 forum
2321 2234 2546 2314 imple-

456 2340 708 2410 verant,
756 2341 823 2396 et
868 2355 1016 2397 cum
1062 2335 1345 2397 fascibus
1396 2353 1650 2396 secures
1707 2332 2010 2411 inligatas
2067 2333 2519 2414 praeferebant
2530 2357 2546 2411 ;

456 2455 573 2496 nec
642 2429 984 2497 attinuisse
1052 2434 1224 2496 demi
1288 2453 1597 2509 securem,
1669 2452 1818 2496 cum
1882 2433 2020 2495 sine
2084 2435 2547 2514 provocatione

456 2534 657 2597 creati
695 2540 931 2608 essent,
974 2535 1594 2612 interpretabantur.

581 2635 821 2696 Decem
879 2654 1103 2711 regum
1160 2634 1403 2713 species
1460 2639 1622 2709 erat,
1685 2631 2284 2714 multiplicatusque
2342 2640 2548 2698 terror

394 2758 399 2763 ·
454 2754 587 2796 non
636 2733 875 2796 infimis
923 2733 1154 2808 solum,
1206 2733 1317 2796 sed
1368 2733 1759 2812 primoribus
1809 2740 2074 2812 patrum
2123 2735 2282 2796 ratis
2331 2735 2545 2798 caedis

456 2853 719 2895 causam
788 2854 862 2896 ac
928 2833 1315 2913 principium
1384 2833 1627 2913 quaeri,
1696 2838 1791 2908 ut,
1860 2833 1913 2895 si
1980 2833 2124 2913 quis
2190 2853 2540 2896 memorem

457 2931 775 2995 libertatis
825 2953 1051 2996 vocem
1104 2940 1219 2996 aut
1268 2933 1335 2995 in
1384 2939 1619 2996 senatu
1669 2938 1785 2995 aut
1834 2932 1901 2993 in
1950 2931 2191 3012 populo
2241 2933 2539 3009 misisset,

452 3027 679 3095 statim
743 3033 960 3110 virgae
1021 3053 1402 3112 securesque
1463 3033 1663 3095 etiam
1727 3031 1808 3094 ad
1871 3038 2231 3095 ceterorum
2293 3039 2543 3096 metum

515 3181 758 3225 XXXVI.
794 3182 842 3224 1.
876 3181 1090 3225 menae
1127 3211 1140 3225 .
1178 3212 1191 3225 .
1229 3212 1242 3225 .
1273 3181 1450 3225 teren-

454 3247 579 3292 dae:
618 3250 710 3291 “ot
745 3250 912 3300 acting
947 3260 977 3292 a
1013 3250 1113 3291 role
1149 3250 1291 3292 other
1326 3249 1449 3292 than

452 3315 528 3358 his
552 3316 713 3359 own.’'

515 3383 566 3425 2.
598 3382 1036 3434 impotentibus:
1074 3384 1283 3428 “mad.”
1339 3384 1449 3426 rari

452 3451 664 3494 sentus:
725 3450 1021 3502 descriptive
1080 3461 1187 3501 gen.
1250 3451 1449 3503 parallel

1549 3181 1758 3223 stration
1796 3179 1906 3224 that
1947 3180 2125 3224 caused
2164 3185 2298 3232 great
2339 3181 2545 3226 alann.”

1549 3257 1714 3291 suam
1746 3277 1759 3290 .
1794 3276 1807 3289 .
1841 3277 1854 3290 .
1882 3249 2089 3292 vicem:
2121 3249 2214 3291 “to
2242 3249 2363 3292 each
2390 3251 2442 3292 ln
2469 3250 2544 3292 his

1550 3315 1716 3358 turn.’'
1775 3315 1865 3358 See
1889 3326 1954 3357 on
1985 3317 2026 3359 1.
2055 3316 2100 3358 9.
2132 3318 2204 3360 15.

1610 3383 1660 3425 4.
1692 3382 2090 3432 impleverant:
2117 3394 2196 3426 see
2221 3394 2286 3425 on
2317 3385 2360 3428 1.
2389 3385 2464 3427 29.
2494 3387 2542 3430 4.

1548 3458 1788 3492 secures:
1856 3451 1986 3492 since
2051 3450 2137 3493 the
2205 3451 2306 3494 Lex
2352 3451 2544 3494 Valeria

452 3518 570 3560 with
599 3517 825 3563 difficiles.

512 3586 561 3628 8.
595 3583 916 3627 sollemnes:
937 3585 1312 3636 “customary.''
1346 3585 1450 3628 The

450 3649 605 3694 oldest
646 3651 842 3692 Roman
883 3661 1000 3702 year
1039 3651 1196 3700 began
1238 3651 1356 3694 Mar.
1403 3653 1448 3696 1:

450 3716 601 3760 hence
653 3717 952 3768 September.
1011 3718 1137 3761 “the
1189 3718 1447 3767 seventh‚”

449 3787 542 3827 etc.
617 3784 867 3827 honoris:
912 3785 1125 3827 ‘'tenure
1164 3785 1217 3826 of
1256 3785 1446 3828 office.”

449 3849 897 3902 denuntiatione,
953 3855 1067 3898 etc.:
1124 3852 1193 3896 “a
1245 3851 1446 3899 demon-

1555 3519 1665 3566 (508
1701 3511 1764 3561 ’3.
1807 3518 1877 3566 c.)
1956 3517 2043 3561 the
2113 3518 2268 3560 fasces
2337 3519 2389 3561 of
2459 3520 2543 3562 the

1548 3585 1740 3626 consuls
1777 3585 1917 3626 when
1955 3585 2005 3626 ln
2045 3585 2131 3628 the
2167 3586 2269 3636 city
2306 3585 2404 3628 had
2443 3586 2541 3628 had

1549 3661 1612 3692 no
1649 3662 1778 3699 axes,
1819 3652 2142 3702 symbolizing
2177 3663 2339 3704 power
2373 3652 2426 3694 of
2459 3652 2542 3695 life

1547 3718 1645 3760 and
1673 3719 1838 3761 death.
1899 3727 2002 3762 nec
2028 3720 2361 3764 attenuisse:
2390 3720 2540 3764 “that

1545 3787 1585 3829 it
1611 3787 1756 3830 made
1781 3797 1846 3830 no
1871 3788 2181 3835 difference.''
