2925 4375
319 182 411 237 vii.
447 182 502 247 8]
1170 180 1405 233 LIBER
1441 180 1534 235 IX
2306 186 2407 239 147

320 384 519 445 quam
575 382 729 443 prae
786 367 967 424 metu
1021 361 1328 442 potuisse,
1387 369 1729 445 tamquam
1785 362 2140 428 ferentibus
2195 363 2406 428 adhuc

222 476 282 517 13
317 462 674 526 cervicibus
719 462 964 541 iugum,
1011 461 1134 523 sub
1180 462 1355 542 quod
1400 463 1617 526 emissi
1661 470 1895 539 essent,
1945 464 2179 527 habere
2225 466 2408 528 Sam-

317 564 485 626 nites
539 562 880 624 victoriam
932 582 1064 623 non
1115 562 1513 641 praeclaram
1565 564 1794 638 solum,
1849 563 1961 626 sed
2012 564 2213 626 etiam
2265 585 2408 645 per-

318 669 587 743 petuam
597 682 614 739 ;
648 661 888 742 cepisse
921 660 1095 723 enim
1128 681 1237 723 eos
1271 683 1402 723 non
1436 664 1738 738 Romam,
1774 663 1943 726 sicut
1979 670 2130 743 ante
2165 663 2403 741 GalloS‚

314 762 449 837 sed,
504 761 679 843 quod
731 761 939 823 multo
990 761 1351 824 bellicosius
1401 762 1616 837 fuerit,
1671 764 2040 825 Romanam
2092 764 2406 826 virtutem

253 878 278 919 1
316 862 778 943 ferociamque:
810 896 893 905 —-
948 862 1099 923 VII.
1133 882 1282 923 cum
1312 862 1470 924 haec
1501 862 1869 925 dicerentur
1899 863 2405 944 audirenturque

314 968 383 1025 et
419 960 831 1041 deploratum
869 981 1073 1041 paene
1112 963 1487 1023 Romanum
1524 982 1761 1025 nomen
1797 963 1865 1025 in
1901 963 2167 1025 concilio
2205 964 2407 1026 socio-

317 1081 462 1124 rum
510 1061 799 1123 fidelium
846 1067 1035 1135 esset,
1086 1061 1323 1123 dicitur
1373 1062 1622 1125 Ofillius
1670 1062 1991 1139 CalaviuS,
2044 1064 2168 1126 Ovi
2215 1064 2403 1140 filius,

250 1180 281 1220 2
316 1162 527 1224 clarus
594 1182 820 1241 genere
888 1161 1226 1241 factisque,
1296 1169 1441 1224 tum
1507 1162 1709 1225 etiam
1779 1170 1995 1225 aetate
2064 1163 2403 1240 verenduS‚

249 1279 280 1320 3
318 1261 503 1340 longe
541 1261 727 1324 aliter
761 1281 829 1324 se
865 1261 1102 1324 habere
1138 1281 1274 1323 rem
1308 1261 1574 1325 dixisse:
1644 1263 1973 1325 silentium
2009 1262 2168 1325 illud
2203 1264 2407 1326 obsti-

317 1368 549 1424 natum
604 1363 897 1441 fixosque
951 1362 1019 1423 in
1073 1368 1314 1424 terram
1368 1362 1590 1426 oculos
1641 1368 1710 1425 et
1763 1362 1992 1425 surdas
2048 1362 2131 1425 ad
2185 1362 2406 1425 omnia

314 1460 555 1525 solacia
628 1481 813 1525 aures
884 1468 953 1523 et
1027 1461 1342 1541 pudorem
1416 1462 1769 1525 intuendae
1844 1461 2002 1525 lucis
2075 1462 2405 1542 ingentem

248 1578 281 1620 4
319 1561 553 1623 molem
602 1562 844 1624 irarum
881 1582 963 1624 ex
1006 1560 1139 1624 alto
1191 1563 1408 1625 animo
1459 1562 1687 1624 cientis
1736 1562 1975 1624 indicia
2022 1582 2178 1625 esse.
2269 1565 2405 1625 Aut

319 1661 619 1724 Romana
671 1682 739 1724 se
793 1662 1085 1741 ignorare
1139 1662 1396 1741 ingenia
1452 1668 1568 1724 aut
1622 1662 1953 1725 silentium
2007 1662 2165 1724 illud
2222 1664 2406 1726 Sam-

316 1761 563 1825 nitibus
611 1761 851 1825 flebiles
898 1762 1079 1824 brevi
1127 1761 1437 1825 clamores
1487 1762 1895 1842 gemitusque
1941 1762 2403 1838 excitaturum,

316 1861 773 1941 Caudinaeque
812 1862 989 1941 pacis
1030 1861 1365 1941 aliquanto
1407 1862 1812 1925 Samnitibus
1851 1882 2050 1942 quam
2091 1862 2406 1925 Romanis

248 1980 279 2021 5
316 1961 667 2024 tristiorem
705 1961 1085 2024 memoriam
1122 1962 1285 2039 fore;
1356 1962 1598 2042 quippe
1633 1982 1784 2024 suos
1821 1982 2145 2041 quemque
2179 1981 2405 2024 eorum
2481 2046 2484 2049 ἡ

317 2060 567 2123 animos
623 2062 1021 2137 habiturum,
1081 2062 1475 2141 ubicumque
1531 2061 1929 2141 congressuri
1983 2060 2115 2123 sint
2126 2081 2143 2138 ;
2199 2061 2406 2125 saltus

316 2160 639 2224 Caudinos
681 2183 812 2225 non
855 2162 1095 2242 ubique
1138 2162 1541 2226 Samnitibus
1583 2163 1735 2226 fore.

247 2279 279 2322 e
441 2262 583 2324 Iam
613 2264 862 2325 Romae
901 2263 1102 2325 etiam
1144 2284 1263 2325 sua
1294 2263 1558 2326 infamis
1599 2263 1813 2327 clades
1851 2229 2010 2326 erat.
2095 2263 2405 2326 Obsessos

314 2361 597 2441 primum
661 2362 1033 2438 audierunt;
1097 2363 1344 2425 tristior
1403 2363 1638 2426 deinde
1699 2364 2163 2443 ignominiosae
2226 2364 2404 2443 pacis

249 2481 281 2523 7
316 2463 518 2540 magis
559 2483 758 2542 quam
798 2461 1062 2542 periculi
1102 2463 1371 2525 nuntius
1401 2464 1547 2526 fuit.
1634 2463 1735 2525 Ad
1775 2464 2020 2526 famam
2053 2462 2405 2525 obsidionis

313 2561 587 2624 dilectus
626 2563 848 2625 haberi
888 2569 1157 2642 coeptus
1195 2568 1336 2625 erat
1346 2583 1364 2640 ,·
1401 2563 1706 2626 dimissus
1743 2562 1976 2625 deinde
2015 2562 2402 2625 auxiliorum

317 2667 690 2741 apparatuS‚
771 2668 1122 2743 postquam
1199 2662 1598 2725 deditionem
1678 2670 1817 2725 tam
1895 2662 2080 2725 foede
2157 2662 2403 2725 factam

315 2768 729 2843 acceperunt;
788 2761 1248 2843 extemploque
1306 2762 1442 2825 sine
1503 2761 1635 2824 ulla
1692 2762 1953 2842 publica
2012 2763 2404 2824 auctoritate

245 2881 278 2924 8
312 2882 695 2925 consensum
759 2863 827 2923 in
888 2883 1150 2925 omnem
1214 2863 1492 2925 formam
1549 2861 1763 2926 luctus
1824 2869 1942 2924 est.
2069 2863 2404 2925 Tabernae

314 2961 482 3024 circa
544 2963 759 3025 forum
822 2962 1077 3025 clausae
1140 2962 1595 3041 iustitiumque
1657 2962 1725 3024 in
1788 2962 1926 3025 foro
1989 2983 2108 3025 sua
2169 2968 2403 3041 sponte

312 3069 617 3141 coeptum
674 3062 851 3141 prius
909 3082 1109 3142 quam
1166 3061 1510 3138 indictum,
1571 3061 1689 3124 lati
1745 3061 1933 3138 clavi,
1994 3062 2169 3124 anuli
2229 3063 2404 3125 aurei

374 3248 455 3290 18.
490 3227 827 3291 bellicosius:
848 3247 1137 3298 “requiring
1153 3250 1311 3298 great-
1471 3250 1520 3291 7.
1554 3247 1916 3292 auxiliorum:
1961 3251 2049 3291 not
2096 3247 2229 3291 allies
2273 3247 2403 3298 here.

309 3326 362 3358 er
386 3315 645 3366 prowess.”
1406 3316 1498 3359 but
1529 3315 1616 3358 the
1642 3315 1756 3366 levy
1784 3315 1886 3366 just
1917 3315 2214 3358 mentioned.
2278 3324 2408 3358 con-

374 3383 489 3426 VII.
523 3384 571 3425 8.
606 3381 840 3426 molem:
890 3381 992 3432 obj.
1044 3381 1097 3424 ot
1144 3380 1312 3425 cientis
1406 3391 1639 3426 sensum
1671 3411 1684 3424 .
1716 3411 1732 3426 .
1763 3411 1778 3426 .
1806 3383 1914 3426 ent:
1942 3381 2251 3434 impersonal.

314 3452 387 3502 (ει
414 3450 530 3499 eius,
560 3450 643 3501 qui
668 3449 843 3500 cieret).
1471 3451 1520 3492 8.
1551 3450 1868 3494 luntltlum:
1912 3461 1991 3493 see
2034 3461 2099 3491 011
2143 3451 2188 3492 3.
2235 3451 2311 3493 27.
2359 3453 2404 3493 2.

373 3519 423 3561 5.
456 3517 679 3568 quippe,
718 3519 832 3559 etc.:
867 3516 945 3558 1.0.
981 3515 1103 3559 each
1136 3517 1310 3559 natlon
1405 3515 1509 3558 lati
1547 3515 1715 3560 clavi:
1754 3516 1840 3559 the
1874 3515 2116 3564 laticlave.
2157 3526 2212 3558 or
2249 3515 2404 3559 broad

308 3584 471 3628 would
522 3585 584 3627 be
634 3583 766 3627 itselt
816 3584 867 3626 in
920 3583 1005 3626 the
1056 3586 1175 3626 next
1227 3594 1311 3626 en-
1406 3583 1580 3635 purple
1615 3585 1779 3635 stripe,
1819 3594 1882 3625 on
1919 3583 2004 3625 the
2039 3583 2177 3625 tunic
2211 3584 2264 3625 of
2298 3594 2406 3626 sen-

308 3655 527 3696 counter.
563 3649 777 3694 unaided
812 3661 875 3692 011
912 3649 997 3692 1110
1030 3660 1124 3692 one
1157 3649 1305 3700 hand,
1406 3655 1556 3694 ators.
1621 3650 1778 3694 anull
1811 3650 1988 3693 aurel:
2020 3660 2155 3692 worn
2186 3650 2304 3701 only
2337 3650 2406 3700 by

306 3717 713 3762 unembarrassed
732 3727 797 3759 on
818 3717 903 3759 the
922 3713 1077 3762 other.
1100 3717 1169 3766 by
1189 3717 1309 3758 such
1405 3729 1519 3760 men
1554 3718 1606 3759 of
1639 3716 1757 3767 high
1791 3717 1930 3764 rank.
1967 3716 2111 3760 whsse
2145 3717 2231 3759 the
2267 3716 2405 3768 plebs

307 3797 340 3833 a
363 3787 600 3830 situation
625 3796 680 3832 as
704 3787 757 3830 at
784 3784 869 3830 the
894 3783 1112 3829 caudino
1139 3783 1307 3829 Forks.
1405 3794 1533 3830 wore
1554 3784 1662 3829 iron
1685 3794 1816 3829 ones·
