2925 4375
415 176 485 231 90
1326 178 1391 229 T.
1433 133 1592 231 Liw
2229 178 2447 245 [καὶῆ.
2485 184 2520 235 6

416 356 635 437 fragiis
680 355 919 433 ferunt,
966 375 1097 436 quo
1142 355 1356 419 minus
1400 357 1701 421 ferociter
1745 358 2021 422 aliorum
2065 360 2245 423 scitis
2291 359 2517 424 adver-

353 481 381 523 7
414 463 733 520 sarentur.
825 456 1140 533 Regimen
1212 457 1418 520 totius
1493 459 1916 536 magistratus
1989 479 2186 538 penes
2228 460 2514 540 Appium

415 563 557 619 erat
584 556 807 617 favore
832 554 1037 634 plebis
1048 575 1064 631 ,·
1093 553 1384 635 adeoque
1411 576 1657 619 novum
1683 557 1807 619 sibi
1832 558 2162 636 ingenium
2190 559 2510 636 induerat,

416 663 492 719 ut
538 654 855 734 plebicola
897 661 1164 733 repente
1207 656 1558 735 omnisque
1597 677 1792 719 aurae
1837 658 2168 737 popularis
2214 666 2515 738 captator

415 755 725 819 evaderet
763 775 881 834 pro
920 754 1087 816 truci
1124 774 1451 835 saevoque
1490 756 1880 820 insectatore
1918 757 2143 836 plebis.

352 878 383 922 8
544 856 813 917 Decimo
872 854 977 916 die
1036 854 1135 916 ius
1196 853 1438 933 populo
1498 856 1732 934 singuli
1777 856 2161 920 reddebant.
2273 860 2366 921 Eo
2414 858 2515 921 die

416 976 614 1036 penes
667 954 1072 1035 praefectum
1125 955 1281 1016 iuris
1334 955 1541 1019 fasces
1595 956 1938 1019 duodecim
1991 964 2209 1034 erant3
2265 958 2514 1037 collegis

417 1075 655 1119 novem
720 1052 954 1133 singuli
1019 1054 1269 1117 accensi
1326 1056 1752 1134 apparebant.
1846 1059 1933 1119 Et
1995 1057 2064 1119 in
2129 1059 2323 1121 um‘ca
2372 1079 2517 1121 con-

418 1156 639 1219 cordia
711 1156 883 1218 inter
955 1155 1149 1234 ips05‚
1228 1154 1339 1234 qui
1416 1176 1765 1219 consensus
1839 1158 2115 1236 privatis
2190 1158 2515 1221 interdum

352 1278 382 1320 9
415 1255 664 1318 inutilis
700 1261 821 1331 est,
859 1275 1120 1317 summa
1155 1255 1468 1317 adversus
1506 1254 1663 1318 alios
1717 1258 2014 1336 aequitas
2064 1265 2226 1321 erat.
2303 1259 2517 1321 Mode-

415 1355 687 1418 rationis
732 1375 957 1417 eorum
1004 1362 1463 1433 argumentum
1507 1355 1808 1435 exemplo
1864 1358 2058 1421 unius
2111 1359 2203 1421 rei
2259 1366 2517 1422 notasse

416 1457 577 1520 satis
618 1457 761 1519 erit.
853 1456 1016 1517 Cum
1059 1456 1197 1518 sine
1240 1456 1709 1534 provocatione
1753 1458 1952 1520 creati
1996 1465 2233 1535 essent,
2263 1459 2517 1522 defosso

417 1556 733 1619 cadavere
774 1556 952 1618 domi
995 1556 1169 1634 apud
1213 1556 1283 1617 P.
1330 1557 1633 1633 Sestium,
1677 1558 1992 1636 patriciae
2031 1560 2243 1637 gentis
2284 1560 2515 1635 virum,

321 1677 379 1717 10
414 1657 687 1719 invento
731 1655 1119 1735 prolatoque
1163 1656 1230 1717 in
1276 1656 1668 1732 contionem,
1716 1658 1782 1718 in
1826 1678 1894 1719 re
1937 1658 2128 1721 iuxta
2171 1659 2519 1722 manifesta

417 1764 616 1835 atque
675 1756 879 1818 atroci
936 1756 1002 1817 C.
1064 1755 1269 1818 Iulius
1326 1755 1654 1818 decemvir
1708 1756 1880 1819 diem
1941 1758 2148 1821 Sestio
2205 1758 2395 1836 dixit,
2452 1766 2518 1822 et

418 1862 757 1918 accusator
800 1856 881 1918 ad
924 1856 1240 1935 populum
1280 1856 1559 1932 exstitit,
1604 1857 1786 1919 cuius
1826 1858 1916 1919 rei
1956 1858 2154 1919 iudex
2194 1857 2519 1937 legitimus

415 1963 576 2033 erat,
636 1957 1042 2036 decessitque
1098 1956 1235 2019 iure
1292 1977 1430 2031 su0,
1491 1962 1566 2018 ut
1624 1955 1969 2035 demptum
2026 1957 2107 2020 de
2163 1957 2231 2018 vi
2289 1959 2520 2037 magis-

417 2062 631 2119 tratus
672 2055 895 2136 populi
936 2055 1225 2118 libertati
1268 2056 1570 2118 adiceret.

356 2174 379 2216 1
544 2157 866 2218 XXXIV.
914 2156 1077 2219 Cum
1123 2140 1506 2236 promptum
1561 2156 1682 2218 hoc
1735 2157 1856 2233 ius,
1897 2157 2078 2221 velut
2129 2177 2214 2221 ex
2257 2159 2518 2222 oraculo

416 2257 890 2336 incorruptum,
922 2257 1165 2335 pariter
1195 2257 1278 2318 ab
1316 2257 1391 2318 iis
1427 2257 1668 2318 summi
1704 2257 2041 2338 infimique
2068 2258 2333 2334 ferrent,
2373 2265 2519 2321 tum

417 2356 664 2435 legibus
720 2357 1073 2419 condendis
1128 2377 1327 2435 opera
1380 2356 1666 2418 dabatur
1676 2376 1692 2432 3
1747 2357 2124 2436 ingentique
2178 2358 2519 2420 hominum

416 2458 873 2535 expectatione
916 2457 1264 2535 propositis
1306 2456 1530 2517 decem
1575 2455 1836 2532 tabulis,
1881 2456 2198 2537 populum
2243 2459 2326 2520 ad
2371 2480 2520 2521 con-

354 2573 384 2613 2
416 2557 663 2618 tionem
702 2557 1213 2631 advocaverunt,
1254 2562 1340 2630 et,
1382 2555 1558 2635 quod
1598 2555 1866 2632 bonum,
1892 2552 2207 2633 faustum,
2234 2557 2520 2638 felixque

415 2656 506 2718 rei
557 2656 876 2735 publicae,
930 2656 1085 2734 ipsis
1137 2655 1483 2733 liberisque
1532 2675 1758 2718 eorum
1808 2663 1999 2734 esset,
2053 2657 2144 2720 ire
2193 2663 2263 2720 et
2315 2657 2520 2736 legere

351 2770 381 2812 3
416 2755 585 2834 leges
631 2756 999 2836 propositas
1044 2756 1311 2818 iussere:
1396 2775 1484 2829 se,
1535 2763 1861 2834 quantum
1907 2756 2132 2820 decem
2179 2757 2520 2820 hominum

416 2856 687 2933 ingeniis
727 2855 1054 2935 provideri
1094 2855 1402 2934 potuerit,
1446 2855 1770 2930 omnibus,
1814 2857 2086 2919 summis
2126 2858 2517 2936 infimisque,

416 2955 559 3016 iura
614 2975 950 3034 aequasse3
1006 2955 1151 3034 plus
1205 2954 1443 3032 pollere
1499 2954 1856 3016 multorum
1912 2957 2172 3034 ingenia
2225 2957 2520 3020 consilia-

1517 3089 1697 3138 detosso
1736 3091 1971 3134 cadavere.
2037 3093 2096 3136 P.
2130 3091 2398 3137 Sentium:
2429 3097 2519 3135 not

1518 3156 1604 3198 the
1635 3155 1898 3200 decemvir.

1581 3223 1660 3266 10.
1695 3224 1847 3267 (nem
1907 3225 2072 3268 dixit:
2134 3225 2386 3276 “brought
2453 3237 2517 3267 an

1516 3290 1681 3332 action
1702 3291 1946 3340 against.”
1996 3290 2100 3334 1⁸01:
2128 3309 2172 3324 =
2199 3292 2244 3334 ci
2260 3303 2368 3334 reus
2385 3293 2518 3342 apud

1515 3367 1564 3399 se
1596 3357 1749 3407 factus
1782 3359 1911 3400 esset.
1978 3358 2304 3409 demptum:
2337 3369 2417 3401 see
2449 3368 2516 3400 on

479 3091 529 3132 8.
562 3092 811 3136 Decimo:
865 3102 930 3133 se.
976 3101 1175 3140 quoque:
1227 3090 1414 3139 “every

417 3158 562 3200 tenth
615 3158 765 3209 day.”
851 3157 1203 3208 praetectum
1253 3157 1414 3198 luris:

417 3227 544 3268 after
564 3225 649 3268 the
672 3225 883 3276 analogy
906 3225 957 3267 of
979 3224 1241 3274 praefectus
1266 3224 1411 3272 urbis,

416 3303 509 3334 one
532 3297 583 3335 at
609 3293 694 3334 the
715 3292 842 3334 head
868 3302 954 3342 pro
972 3293 1189 3340 tempore.
1267 3291 1417 3341 sing-

416 3359 497 3402 uli
532 3360 771 3402 accensi:
806 3359 892 3401 the
922 3361 1021 3400 rest
1060 3358 1159 3399 had
1198 3359 1318 3400 each
1350 3369 1414 3399 an

416 3426 696 3476 attendant,
722 3426 866 3468 while
888 3426 974 3468 the
994 3425 1163 3468 lictors
1194 3425 1411 3467 escorted

415 3493 533 3544 only
570 3493 656 3536 the
693 3493 971 3543 praefectus.
1043 3491 1141 3542 qui
1187 3500 1415 3534 consen-

416 3569 535 3603 sus:
561 3571 639 3602 see
664 3571 728 3602 on
752 3571 871 3609 quae
895 3570 1063 3610 preces.
1097 3561 1137 3602 1.
1164 3561 1209 3602 9.
1241 3560 1313 3602 16.

476 3628 527 3670 9.
561 3628 680 3670 sine
706 3627 1125 3678 provocatione:
1153 3627 1291 3668 there
1313 3637 1415 3668 was

415 3705 479 3736 no
512 3695 641 3743 right
676 3695 728 3736 of
760 3694 936 3744 appeal
968 3695 1094 3735 from
1128 3694 1256 3736 their
1287 3694 1415 3736 deci-

416 3765 561 3805 810113.
638 3760 897 3803 invento:
943 3760 1027 3803 the
1072 3760 1320 3810 predicate
1364 3762 1415 3802 of

1515 3425 1852 3474 deveneratum,
1888 3427 1929 3468 1.
1957 3427 2035 3468 53.
2069 3426 2111 3468 1.

1579 3491 1821 3535 XXXIV.
1921 3493 1973 3535 2.
2060 3492 2211 3543 quod
2276 3492 2514 3542 bonum,

1514 3557 1795 3611 faustum,
1841 3558 2086 3610 felixque
2134 3588 2148 3602 .
2207 3589 2220 3602 .
2290 3588 2303 3602 .
2347 3559 2516 3602 esset:

1516 3637 1580 3667 an
1622 3626 1967 3678 introductory
2017 3627 2139 3668 wish
2196 3627 2336 3669 often
2371 3625 2516 3668 *used

1514 3693 1566 3734 in
1603 3693 1777 3736 formal
1814 3697 2252 3736 announcement&
2327 3692 2417 3735 See
2449 3703 2516 3734 on

1517 3761 1591 3802 26.
1619 3761 1663 3803 9.
