2925 4375
409 282 546 335 xlix.
586 281 636 345 5]
1293 278 1532 333 LIBER
1567 278 1617 331 V
2408 281 2508 334 127

414 462 700 537 habituS,
749 460 1155 541 tribunisque
1203 458 1486 524 militum
1533 459 1868 539 negotium
1914 458 2168 535 datum,
2217 465 2290 522 ut
2337 459 2511 539 paci—

412 568 764 625 scerentur.
856 560 1018 623 Inde
1073 560 1243 622 inter
1297 560 1372 636 Q.
1418 558 1776 639 Sulpicium
1831 558 2170 621 tribunum
2227 557 2511 622 militum

412 668 483 725 et
551 659 907 737 Brennum,
977 658 1271 737 regulum
1355 657 1710 733 Gallorum,
1781 658 2100 738 colloquio
2178 660 2513 725 transacta

414 780 536 837 reS,
590 767 659 824 et
712 759 882 821 mille
936 757 1154 839 pondo
1195 757 1334 820 auri
1387 758 1671 838 pretium
1723 757 1946 837 populi
2002 757 2303 836 gentibus
2360 781 2515 824 mox

416 859 795 941 imperaturi
835 858 1105 921 factum.
1200 858 1318 920 Rei
1364 857 1771 920 foedissimae
1823 877 1938 936 per
1987 877 2055 919 se
2111 857 2368 923 adiecta
2420 862 2514 923 in-

260 998 269 1005 ·
324 1034 331 1043 ¹
417 960 701 1039 dignitas
726 965 853 1022 est:
907 958 1199 1039 pondera
1227 958 1311 1021 ab
1340 957 1538 1021 Gallis
1577 956 1800 1019 adlata
1836 956 2080 1036 iniqua,
2121 965 2210 1034 et,
2250 960 2512 1024 tribuno

362 1120 365 1122 Α
418 1066 777 1135 recusante,
828 1058 1091 1121 additus
1150 1057 1233 1121 ab
1290 1056 1607 1119 insolente
1666 1056 1849 1119 Gallo
1907 1057 2181 1137 ponderi
2242 1060 2512 1139 gladius„

419 1159 775 1239 auditaque
812 1156 1223 1220 intoleranda
1266 1156 1581 1220 Romanis
1625 1176 1782 1219 vox:
1826 1176 1947 1219 vae
1992 1158 2200 1222 victis.

545 1258 793 1320 XLIX.
844 1256 968 1319 Sed
1011 1256 1231 1338 diique
1272 1264 1340 1319 et
1382 1256 1676 1319 homines
1717 1256 2103 1337 prohibuere
2146 1258 2516 1340 redemptos

420 1359 637 1420 vivere
668 1360 1019 1421 Romanos.
1111 1356 1283 1419 Nam
1313 1357 1480 1419 forte
1511 1356 1818 1435 quadam,
1838 1356 2217 1437 priusquam
2247 1359 2517 1423 infanda

419 1478 661 1520 merces
727 1457 1162 1537 perficeretur,
1233 1475 1349 1535 per
1417 1454 1908 1519 altercationem
1977 1458 2270 1520 nondum
2338 1460 2517 1523 omni

419 1578 578 1621 auro
651 1577 960 1637 appensO,
1035 1555 1321 1619 dictator
1392 1556 1768 1630 intervenit,
1845 1555 2211 1638 auferrique
2285 1579 2515 1622 aurum

412 1658 500 1721 'de
566 1656 779 1719 medio
842 1662 911 1719 et
976 1655 1194 1719 Gallos
1256 1654 1630 1718 submoveri
1692 1655 1893 1718 iubet.
1985 1657 2147 1722 Cum
2180 1657 2302 1719 .illi
2354 1660 2519 1723 reni-

420 1763 637 1821 tentes
676 1762 904 1836 pactos
943 1755 1233 1818 dicerent
1271 1775 1427 1831 sese,
1470 1760 1666 1833 negat
1705 1774 1852 1816 eam
1891 1757 2263 1834 pactionem
2303 1766 2516 1822 ratam

418 1878 576 1933 esse,
620 1876 808 1937 quae,
850 1862 1202 1936 postquam
1242 1854 1379 1933 ipse
1418 1854 1705 1915 dictator
1743 1860 2000 1917 creatus
2038 1862 2229 1932 esset,
2272 1857 2522 1921 iniussu

383 1955 385 1957 ’
418 1977 538 2019 suo
580 1956 664 2019 ab
704 1955 1020 2018 inferioris
1061 1954 1215 2017 iuris
1256 1954 1650 2033 magistratu
1689 1953 1869 2016 facta
1908 1961 2098 2031 esset,
2142 1956 2520 2021 denuntiat-

421 2077 547 2137 que
576 2054 795 2131 Gallis,
825 2061 899 2117 ut
926 2076 993 2117 se
1021 2054 1103 2117 ad
1132 2052 1447 2133 proelium
1473 2052 1846 2131 expediant.
1927 2054 2092 2117 Suos
2117 2055 2186 2118 in
2213 2077 2518 2120 acervum

420 2157 709 2220 conicere
766 2155 1053 2218 sarcinas
1110 2159 1179 2218 et
1237 2172 1421 2216 arma
1479 2158 1708 2232 aptare
1767 2152 2084 2236 ferroque,
2147 2177 2279 2220 non
2337 2178 2516 2234 aum,

419 2275 798 2336 recuperare
854 2255 1136 2335 patriam
1193 2253 1397 2329 iubet,
1455 2252 1524 2314 in
1581 2261 1935 2332 conspectu
1991 2255 2308 2320 habentes
2364 2258 2521 2321 fana

420 2355 617 2418 deum
668 2362 736 2418 et
788 2355 1089 2434 coniuges
1140 2360 1208 2417 et
1262 2352 1495 2415 liberos
1545 2359 1614 2416 et
1663 2352 1873 2415 solum
1926 2355 2179 2433 patriae
2230 2356 2520 2421 deforme

420 2455 569 2518 belli
620 2454 807 2518 malis
856 2461 924 2518 et
972 2454 1214 2529 omnia,
1267 2472 1436 2535 quae
1487 2450 1749 2514 defendi
1799 2455 2134 2534 repetique
2183 2463 2251 2520 et
2301 2455 2520 2520 ulcisci

421 2556 519 2618 fas
550 2557 656 2618 sit.
749 2555 1027 2618 Instruit
1060 2553 1296 2617 deinde
1330 2553 1558 2629 aciem,
1583 2559 1659 2614 ut
1695 2551 1816 2615 loci
1849 2561 2088 2618 natura
2121 2556 2515 2635 patiebatur,

418 2655 487 2717 in
534 2656 887 2739 semirutae
937 2653 1074 2716 solo
1125 2652 1303 2716 urbis
1352 2659 1420 2714 et
1471 2658 1711 2715 natura
1760 2653 2106 2734 inaequali,
2159 2661 2226 2718 et
2276 2657 2515 2731 omnia,

421 2776 588 2835 quae
630 2762 769 2818 arte
810 2753 961 2816 belli
1002 2751 1290 2816 secunda
1328 2753 1462 2814 suis
1503 2750 1650 2831 eligi
1691 2755 2145 2833 praepararive
2189 2762 2514 2835 poterant,

420 2855 727 2933 providit.
819 2853 987 2916 Galli
1051 2874 1226 2916 nova
1287 2873 1353 2914 re
1415 2851 1655 2930 trepidi
1719 2873 1901 2915 arma
1963 2854 2232 2934 capiunt
2294 2855 2518 2936 iraque

421 2953 627 3032 magis
677 2973 877 3033 quam
928 2952 1193 3015 consilio
1244 2951 1311 3012 in
1362 2951 1696 3014 Romanos
1743 2951 2102 3016 incurrunt.
2199 2955 2341 3017 Iam
2379 2975 2520 3018 ver-

420 3190 505 3233 the
537 3192 918 3239 arrangementS.
987 3186 1251 3239 gentibus
1286 3194 1417 3230 mox

417 3256 773 3307 imperaturi:
803 3260 920 3298 note
948 3254 1057 3296 how
1088 3255 1174 3298 the
1203 3255 1346 3297 effect
1376 3255 1417 3296 is

1518 3187 1601 3236 yet
1627 3184 1898 3235 weighed.”
1955 3186 2084 3240 Only
2109 3187 2236 3242 Livy
2261 3191 2394 3241 gives
2419 3191 2520 3235 this

1518 3254 1758 3296 dramatic
1813 3257 1930 3297 turn
1984 3260 2038 3298 to
2092 3256 2178 3300 the
2231 3259 2412 3301 arrival
2468 3261 2519 3301 of

420 3324 536 3366 thus
560 3321 870 3373 heightened.
928 3323 1001 3365 Cf.
1028 3324 1147 3364 Aen.
1174 3323 1219 3364 6.
1246 3323 1353 3364 853.

481 3390 531 3433 0.
563 3390 899 3441 indignitas:
928 3389 1014 3432 the
1042 3388 1317 3440 proverbial
1345 3389 1418 3430 in-

420 3456 519 3499 sult
549 3456 711 3499 added
742 3460 796 3499 to
825 3455 1007 3506 injury.
1070 3455 1291 3505 iniqua:
1338 3455 1416 3498 i.e.
1479 3491 1486 3496 .
1523 3492 1537 3506 ,
1583 3493 1596 3506 ,

420 3527 505 3566 too
546 3524 726 3574 heavy.
800 3531 903 3564 vae
945 3521 1135 3565 vietis:
1179 3522 1324 3564 “woe
1364 3525 1419 3564 to

421 3591 507 3634 the
534 3590 800 3634 worstedl''

490 3658 702 3712 XLIX.
774 3658 1041 3711 Camillus
1073 3657 1276 3710 arrives
1308 3657 1419 3708 and

418 3726 502 3778 the
528 3727 666 3792 siege
691 3725 744 3778 is
770 3725 963 3778 raised.

483 3808 532 3850 1.
564 3808 907 3857 redemptos:
958 3807 1209 3858 emphatic
1259 3807 1419 3859 predi-

419 3878 545 3924 cate.
598 3873 859 3923 nondum
884 3903 897 3920 .
923 3903 936 3920 .
964 3903 976 3917 .
998 3882 1267 3929 appenso:
1288 3874 1417 3920 “not

1519 3323 1766 3368 CamilluS.

1580 3399 1630 3440 2.
1665 3396 2105 3448 denuntiatque:
2137 3398 2388 3442 “warna’'
2451 3400 2519 3443 ut

1642 3494 1654 3506 .
1695 3464 2017 3516 expediant:
2096 3465 2141 3507 A
2178 3464 2364 3515 jussive
2405 3466 2518 3508 sub-

1517 3533 1736 3574 stantive
1756 3532 1933 3575 clause.
1959 3551 1962 3554 ⁴

1580 3606 1630 3649 8.
1664 3604 1879 3649 ulcisci:
1912 3604 2026 3648 here
2057 3616 2088 3648 a
2118 3606 2328 3657 passive.
2413 3634 2428 3640 --

1580 3674 1631 3715 4.
1663 3672 1971 3725 inaequali:
2000 3673 2121 3715 with
2149 3674 2262 3717 solo.
2325 3681 2519 3717 secun-

1519 3739 1613 3782 da:
1641 3739 1762 3782 with
1791 3750 1922 3790 quae.

1581 3808 1630 3849 5.
1665 3807 1982 3850 momento:
2013 3807 2326 3851 “exertion.”
