2925 4375
500 197 601 251 108
1063 234 1075 245 .
1411 187 1480 247 Τ.
1514 186 1675 245 LIVI
2407 186 2524 256 niv.
2558 189 2595 245 1
2665 268 2674 283 ἣ

434 387 460 431 1
623 372 791 437 LIV.
840 373 1155 437 Facerent
1234 377 1312 436 ut
1386 369 1628 435 vellent
1707 370 2244 451 permittentibus
2320 373 2593 449 cunctis,

500 496 655 538 mox
727 473 1048 536 redituros
1128 492 1196 534 se
1278 470 1474 551 legati
1554 471 1748 533 rebus
1829 469 2132 550 perfectis
2217 472 2590 535 adfirmant.

436 588 465 627 2
500 573 783 637 Profecti
822 592 969 635 cum
1018 570 1335 634 mandata
1379 570 1586 651 plebis
1629 569 1929 649 patribus
1963 572 2440 651 exposuissent,
2482 572 2593 635 alii

500 672 867 747 decemviri,
923 670 1187 751 quando
1239 670 1503 750 quidem
1556 676 1814 749 praeter
1863 690 2048 750 spem
2100 670 2391 751 ipsorum
2443 692 2600 751 sup-

500 773 669 854 plicii
721 772 822 835 sui
870 771 1051 833 nulla
1098 772 1343 833 mentio
1393 771 1596 844 fieret,
1649 769 1824 831 haud
1877 770 2236 850 quic-quani
2283 771 2568 834 abnuere
2577 792 2598 849 ;

436 885 465 926 3
503 873 771 953 AppiuS‚
835 871 1003 933 truci
1062 870 1315 949 ingenio
1374 876 1443 933 et
1503 868 1752 931 invidia
1808 869 2179 949 praecipua,
2242 870 2470 934 odium
2529 872 2602 935 in

500 992 568 1035 se
608 972 880 1035 aliorum
918 991 1036 1033 suo
1076 971 1142 1031 in
1180 990 1290 1032 eos
1329 970 1603 1032 metiens
1642 969 1791 1031 odio
1833 969 2040 1031 ‘haud
2081 970 2337 1048 ignaro'
2379 972 2602 1051 inquit

437 1086 465 1125 4
502 1072 831 1134 ‘imminet
886 1070 1168 1133 fortuna.
1258 1070 1482 1145 Video,
1518 1069 1722 1131 donec
1779 1089 1962 1132 arma
2016 1068 2404 1133 adversariis
2458 1076 2597 1133 tra-

500 1172 763 1247 dantur,
824 1170 1067 1232 differri
1128 1170 1437 1232 adversus
1497 1190 1615 1232 nos
1674 1176 2024 1232 certamen.
2118 1168 2393 1233 Dandus
2433 1170 2605 1232 invi-

500 1271 647 1333 diae
679 1277 779 1333 est
811 1270 1091 1348 sanguis.
1184 1268 1357 1330 Nihil
1392 1289 1474 1331 ne
1507 1289 1624 1347 ego
1660 1269 1925 1351 quidem
1953 1290 2190 1346 moror,
2221 1290 2352 1351 quo
2381 1270 2605 1333 minus

437 1385 466 1425 5
501 1370 947 1432 decemviratu
1022 1369 1294 1431 abeam.'
1386 1370 1664 1431 Factum
1729 1376 1997 1433 senatus
2067 1370 2463 1446 consultum,
2523 1377 2607 1435 ut

501 1468 849 1533 decemviri
905 1488 974 1531 se
1030 1469 1238 1547 primo
1297 1489 1557 1550 quoque
1615 1476 1908 1549 tempore
1965 1471 2357 1549 magistratu
2415 1470 2608 1533 abdi-

503 1576 744 1645 carent,
816 1568 892 1645 Q.
966 1568 1197 1631 Furius
1264 1569 1563 1648 pontifex
1631 1570 1956 1632 maximus
2023 1571 2323 1634 tribunos
2391 1570 2609 1651 plebis

502 1676 767 1745 crearet,
804 1674 871 1731 et
906 1688 987 1730 ne
1022 1668 1122 1729 cui
1159 1668 1373 1730 fraudi
1406 1676 1574 1731 esset
1609 1671 1878 1733 secessio
1915 1671 2198 1734 militurn
2234 1670 2598 1751 plebisque.

436 1782 467 1824 6
628 1768 749 1831 His
785 1774 1051 1830 senatus
1088 1768 1399 1830 consultis
1435 1769 1737 1847 perfectis
1773 1768 2037 1832 dimisso
2073 1776 2309 1832 senatu
2346 1770 2610 1833 decem-

503 1867 624 1930 'viri
670 1868 995 1948 prodeunt
1044 1868 1110 1929 in
1159 1868 1549 1943 contionem,
1603 1868 2040 1949 abdicantque
2087 1890 2156 1932 se
2205 1870 2608 1949 magistratu

501 1968 747 2047 ingenti
786 1968 1124 2030 hominum
1165 1967 1432 2029 laetitia.

564 2150 691 2198 LIV.
727 2154 775 2196 1.
808 2151 1096 2198 facerent:
1143 2150 1229 2195 the
1274 2149 1414 2196 usual
1448 2152 1502 2194 ut
1660 2153 1710 2196 3.
1743 2153 1891 2198 truci
1959 2154 2189 2206 ingemo
2256 2154 2315 2199 et
2383 2154 2612 2200 invidia

501 2223 628 2264 after
694 2221 954 2272 permittere
1018 2221 1109 2272 has
1174 2220 1299 2262 been
1337 2265 1343 2270 ,
1365 2231 1501 2268 more
1598 2223 1919 2273 praecipua:
1944 2223 2015 2264 “a
2037 2233 2154 2274 man
2177 2225 2229 2266 of
2249 2223 2401 2266 harsh
2423 2229 2613 2280 nature

502 2289 689 2340 readily
730 2287 940 2331 omitted
980 2287 1189 2331 because
1228 2288 1280 2330 ot
1318 2288 1372 2330 ut
1410 2287 1501 2330 vel·
1599 2288 1696 2330 and
1734 2299 1799 2330 an
1835 2290 2041 2341 especial
2080 2290 2244 2342 object
2282 2290 2336 2332 ot
2370 2290 2612 2334 hatred.”

500 2357 609 2400 lent.
1596 2357 1817 2407 ignaro:
1841 2367 1909 2400 sc.
1934 2358 2071 2401 mihi.

563 2425 613 2467 2.
646 2425 766 2467 am:
795 2442 839 2457 =
865 2423 1015 2472 ceteri.
1045 2423 1372 2475 anticipating
1398 2423 1501 2472 Ap-
1659 2424 1709 2465 4.
1744 2425 1943 2468 donee:
1978 2425 2135 2478 “only
2167 2425 2346 2469 until.”

502 2492 630 2542 pius.
699 2499 883 2542 spem:
923 2490 1327 2541 “expectation.”
1398 2490 1500 2532 The
1661 2492 1711 2534 5.
1743 2491 1927 2541 primo
1972 2499 2196 2543 quoque
2240 2493 2521 2543 tempore:
2553 2511 2604 2528 ==

501 2559 635 2601 word
676 2559 813 2601 often
854 2557 943 2599 has
980 2553 1075 2600 les's
1114 2557 1247 2606 color
1285 2556 1408 2599 than
1446 2558 1498 2599 in
1596 2567 1738 2608 quam
1762 2558 1986 2608 primum,
2013 2570 2068 2601 as
2091 2559 2229 2604 often
2251 2559 2304 2604 in
2328 2559 2473 2612 Livy.

502 2626 589 2670 the
614 2626 843 2677 ordinary
872 2625 1164 2668 translation
1192 2624 1409 2676 “tropa'’
