2925 4375
249 196 373 253 xm.
408 193 463 262 e]
790 168 795 171 ’
834 161 839 168 ’
1143 184 1379 246 LIBER
1414 187 1464 247 v
2251 190 2352 247 119

254 398 409 443 cum
470 382 741 453 starent,
801 375 890 437 M.
956 374 1272 454 Papirius,
1336 394 1506 438 unus
1565 394 1648 437 ex
1706 372 1802 451 iis,
1866 372 2105 437 dicitur
2165 374 2350 437 Gallo

254 477 533 541 barbam
599 496 807 552 suam,
876 481 953 538 ut
1018 481 1163 537 tum
1230 474 1534 537 omnibus
1599 463 1917 553 promissa
1981 481 2141 550 erat,
2210 495 2352 554 per-

257 574 572 639 mulcenti
602 568 888 655 scipione
917 574 1202 637 eburneo
1233 573 1303 637 in
1334 580 1534 653 caput
1567 574 1822 637 incusso
1853 574 2018 636 iram
2051 574 2349 649 movisse,

258 682 462 757 atque
516 668 601 739 ab
653 695 731 737 eo
784 675 1045 737 initium
1102 673 1317 737 caedis
1370 679 1611 748 ortum,
1671 680 1916 736 ceteros
1969 674 2037 735 in
2091 673 2353 736 sedibus

150 790 217 829 10
254 776 391 839 suis
429 774 847 857 trucidato&
913 779 1063 854 post
1129 773 1496 853 principum
1565 773 1827 835 caedem
1895 772 2054 835 nulli
2095 772 2352 835 -deinde

257 872 636 938 mortalium
682 874 880 953 parci,
928 872 1120 953 diripi
1166 880 1363 947 tecta,
1410 873 1747 935 exhaustis
1791 872 1941 934 inici
1985 872 2182 951 ignes.

190 989 213 1029 1
385 974 598 1036 XLII.
647 975 969 1048 Ceterum,
998 993 1218 1035 —seu
1272 994 1403 1033 non
1456 972 1760 1035 omnibus
1813 971 2071 1034 delendi
2125 973 2352 1036 urbem

256 1073 460 1137 libido
511 1080 672 1148 erat,
726 1092 841 1136 seu
892 1073 988 1151 ita
1038 1070 1372 1152 placuerat
1425 1072 1824 1152 principibus
1877 1071 2230 1147 Gallorum,
2285 1078 2352 1134 et

254 1173 577 1237 ostentari
631 1172 956 1253 quaedam
1011 1171 1310 1234 incendia
1363 1172 1624 1233 terroris
1679 1192 1892 1247 causa,
1948 1171 2003 1233 si
2058 1170 2353 1251 compelli

257 1274 343 1338 ad
396 1272 797 1335 deditionem
850 1272 1123 1334 caritate
1174 1270 1402 1333 sedum
1454 1291 1720 1333 suarum
1772 1271 2013 1333 obsessi
2066 1277 2351 1351 possent,

190 1386 221 1426 2
253 1381 325 1438 et
368 1394 501 1435 non
543 1372 766 1436 omnia
807 1370 1203 1434 concremari
1245 1376 1443 1445 tecta,
1491 1377 1586 1446 ut,
1633 1370 2093 1451 quodcumque
2134 1391 2356 1450 super<

255 1479 429 1537 esset
492 1472 690 1548 urbis,
755 1470 823 1534 id
886 1472 1121 1551 pignus
1186 1469 1267 1532 ad
1335 1470 1687 1533 flectendos
1751 1470 2037 1532 hostium
2104 1470 2355 1534 animos

256 1574 597 1648 haberent,
624 1605 708 1615 —
730 1590 1150 1652 nequaquam
1214 1570 1481 1650 perinde
1545 1577 1744 1649 atque
1807 1571 1872 1631 in
1937 1576 2135 1649 capta
2196 1570 2356 1633 urbe

188 1684 219 1725 3
255 1674 471 1754 prima
502 1671 607 1734 die
641 1677 758 1734 aut
790 1671 1033 1751 passim
1067 1674 1183 1733 aut
1216 1669 1347 1731 late
1380 1675 1659 1748 vagatus
1691 1676 1790 1731 est
1821 1670 2004 1748 ignis.
2073 1670 2355 1732 Romani

256 1793 341 1835 ex
386 1791 531 1835 arce
574 1770 836 1851 plenam
882 1770 1171 1833 hostium
1215 1769 1443 1831 urbem
1490 1776 1824 1831 cernentes
1868 1789 2198 1849 vagosque
2242 1788 2376 1848 per·

259 1873 400 1935 vias
433 1891 659 1934 omnes
692 1890 937 1946 cursu8‚
972 1890 1124 1933 cum
1157 1867 1285 1932 alia
1318 1876 1518 1949 atque
1553 1868 1680 1931 alia
1710 1875 1898 1949 parte
1929 1889 2105 1932 nova
2137 1868 2358 1949 aliqua

258 1970 475 2034 clades
542 1977 851 2045 oreretur,
920 1991 1054 2033 non
1121 1970 1450 2031 mentibus
1517 1968 1726 2030 solum
1796 1968 2130 2048 concipere
2195 1989 2352 2045 rem,

256 2070 371 2133 sed
410 2090 492 2133 ne
530 2070 795 2133 auribus
832 2070 1097 2155 quidem
1137 2075 1337 2149 atque
1372 2067 1574 2130 oculis
1609 2068 1771 2131 satis
1807 2074 2104 2131 constare
2140 2075 2357 2148 poter-

191 2181 222 2222 4
259 2177 395 2235 ant.
488 2168 917 2251 Quocumque
982 2167 1225 2233 clamor
1306 2167 1614 2244 hostium,
1701 2167 2044 2231 mulierum
2127 2189 2357 2248 puero-

257 2290 537 2351 rumque
562 2312 573 2322 ,
591 2268 905 2350 ploratUS,
964 2269 1217 2332 sonitus
1274 2267 1576 2331 flammae
1631 2274 1700 2331 et
1756 2268 1971 2347 fragor
2024 2269 2355 2331 ruentium

258 2377 586 2433 tectorum
636 2370 998 2444 avertisset,
1048 2375 1366 2450 paventes
1414 2367 1498 2430 ad
1546 2369 1767 2431 omnia
1816 2369 2067 2431 animos
2113 2389 2356 2449 oraque

226 2476 325 2532 -et
386 2469 606 2532 oculos
667 2469 1040 2544 flectebant,
1103 2467 1286 2531 velut
1345 2467 1427 2530 ad
1487 2468 1934 2547 spectaculum
1995 2490 2034 2531 a
2091 2468 2358 2532 fortuna

257 2569 457 2649 positi
499 2568 856 2632 occidentis
897 2567 1149 2648 patriae
1191 2588 1309 2631 nec
1352 2565 1545 2631 ullius
1585 2588 1798 2630 rerum
1841 2587 2108 2630 suarum
2151 2567 2353 2631 relicti

191 2681 221 2723 5
257 2675 721 2749 praeterquam
776 2688 1120 2748 corporum
1174 2667 1484 2743 vindiceS,
1531 2673 1731 2731 tanto
1787 2675 1940 2730 ante
1995 2666 2154 2730 alios
2207 2668 2358 2730 mis-

256 2767 485 2831 erandi
546 2768 771 2848 magiS,
834 2767 948 2848 qui
1009 2787 1323 2848 umquam
1383 2767 1626 2830 obsessi
1685 2758 1860 2843 sunt,
1923 2767 2100 2847 quod
2160 2767 2358 2831 inter-

258 2867 420 2931 clusi
488 2887 528 2932 a
589 2867 807 2949 patria
868 2866 1358 2942 obsidebantur,
1423 2867 1646 2930 omnia
1707 2887 1828 2929 sua
1892 2873 2226 2930 cernentes
2290 2867 2356 2928 in

190 2979 221 3021 6
256 2968 550 3031 hostium
630 2973 979 3048 potestate.
1072 2967 1206 3030 Nec
1263 2965 1675 3046 tranquillior
1752 2987 1886 3029 nox
1963 2966 2136 3029 diem
2216 2973 2353 3029 tam

258 3068 450 3131 foede
524 3075 746 3132 actum
816 3068 1075 3147 excepit
1085 3087 1102 3144 ;
1174 3065 1288 3128 lux
1358 3066 1592 3130 deinde
1663 3073 1923 3130 noctem
1995 3066 2356 3148 inquietam

257 3169 555 3231 insecuta
582 3175 701 3257 est,
735 3187 851 3229 nec
880 3167 1083 3229 ullum
1112 3173 1253 3229 erat
1282 3173 1563 3245 tempus,
1595 3166 1770 3247 quod
1802 3188 1841 3229 a
1867 3186 2078 3229 novae
2103 3186 2358 3247 semper

322 3366 486 3411 XLII.
522 3368 570 3410 1.
604 3367 675 3412 si:
733 3367 1105 3418 interrogative:
1166 3367 1260 3410 “to
1357 3365 1584 3410 realize.”
1641 3367 1778 3410 satis
1804 3367 2083 3412 constare:
2110 3369 2205 3413 “to
2229 3368 2360 3414 have

256 3445 339 3478 see
364 3435 633 3478 whether.”
1360 3435 1447 3477 tull
1473 3435 1746 3485 possession
1770 3434 1872 3477 of.”

321 3502 373 3544 2.
406 3501 488 3544 et:
517 3519 560 3534 =
586 3503 628 3544 et
670 3503 844 3546 tamen.
908 3503 1137 3554 perinde
1178 3502 1262 3545 at·
1420 3502 1472 3544 4.
1505 3501 1822 3545 avertisset:
1858 3502 2091 3546 iterative
2125 3504 2360 3554 subjunc-

257 3576 395 3621 que:
424 3569 662 3620 “exactly
690 3568 797 3612 as,’'
1359 3570 1478 3612 tive.
1547 3567 1724 3618 velut.
1763 3572 1878 3612 etc.:
1916 3579 1972 3612 as
2006 3570 2046 3612 if
2081 3571 2252 3622 placed
2290 3572 2360 3624 by

321 3637 372 3680 8.
406 3644 691 3688 vagosque
722 3665 734 3677 .
765 3665 778 3678 .
808 3665 822 3678 .
847 3644 1066 3680 curtus:
1092 3637 1260 3680 “their
1359 3636 1556 3679 fortune
1586 3640 1640 3679 to
1669 3637 1867 3678 witness
1896 3635 1984 3679 the
2010 3637 2122 3679 ruin
2150 3638 2203 3680 ot
2231 3639 2358 3681 their

256 3702 505 3754 rambung
524 3704 750 3746 invasion
771 3703 822 3745 of
842 3703 907 3746 all
927 3704 1012 3747 the
1032 3705 1259 3748 streetS.''
1358 3705 1475 3756 city,
1512 3704 1611 3747 and
1646 3705 1762 3747 thus
1794 3704 1881 3747 left
1917 3708 1972 3747 to
2005 3707 2195 3756 protect
2229 3716 2358 3749 none

258 3769 550 3814 montibus
605 3799 619 3812 .
674 3799 687 3812 .
741 3799 755 3812 .
805 3770 1114 3821 concipere:
1166 3771 1259 3814 “t-o
1306 3801 1312 3818 ,
1358 3771 1410 3813 of
1433 3771 1560 3814 their
1584 3772 1868 3822 belongings
1890 3782 2008 3814 save
2029 3772 2156 3816 their
2170 3772 2355 3818 bodies.

1100 3929 1103 3932 ⁴
1166 3925 1194 3943 K
