2925 4375
458 253 528 308 52
1363 255 1429 306 Τ.
1466 254 1627 309 L1V1
2276 254 2432 321 [xxv.
2478 257 2550 310 12

459 433 604 499 fuit.
695 434 1034 500 Romanus
1080 434 1416 499 exsultans
1452 435 1675 499 ‘duos’
1720 435 1937 517 inquit
1973 436 2283 499 ‘fratrum
2334 437 2550 500 Mani-

460 535 582 598 bus
639 534 789 598 dedi
799 556 815 613 ;
897 535 1166 599 tertium
1227 554 1460 598 causae
1520 535 1668 598 belli
1727 536 2011 612 huiusce,
2069 542 2148 598 ut
2209 536 2548 598 Romanus

463 635 712 698 Albano
759 635 1056 714 imperet,
1108 634 1322 697 dabo!
1417 634 1585 697 Male
1632 635 1981 698 sustinenti
2028 655 2212 698 arma
2258 635 2547 715 gladium

457 752 733 815 superne
777 733 996 813 iugulo
1042 734 1292 813 defigit3
1337 733 1657 797 iacentem
1704 719 1964 813 spoliat]

361 847 424 893 1³
585 832 866 897 Romani
914 836 1191 897 ovantes
1239 853 1313 897 ac
1365 834 1769 913 gratulantes
1818 834 2169 897 Horatium
2220 834 2549 915 accipiunt

458 955 535 997 eo
591 936 831 997 maiore
887 953 1036 996 cum
1094 934 1349 1013 gaudi0‚
1410 954 1540 1014 quo
1595 953 1797 1013 prope
1851 941 2101 997 metum
2156 954 2257 997 res
2310 935 2543 998 fuerat.

459 1034 560 1096 Ad
606 1034 1009 1114 sepulturam
1053 1033 1204 1096 inde
1248 1020 1514 1096 suorum
1560 1053 1976 1114 nequaquam
2014 1034 2281 1113 paribus
2316 1034 2549 1097 animis

461 1141 825 1210 vertuntur,
890 1134 1132 1215 quippe
1192 1133 1462 1212 imperio
1526 1132 1712 1195 alteri
1772 1133 1967 1209 aucti,
2033 1133 2218 1196 alteri
2278 1133 2549 1197 dicionis

361 1246 424 1293 14
459 1232 704 1297 alienae
752 1232 930 1296 facti.
1019 1232 1327 1314 Sepulcra
1373 1240 1660 1309 exstant,
1712 1253 1841 1313 quo
1890 1233 2164 1313 quisque
2214 1232 2352 1297 loco
2389 1233 2550 1295 ceci-

458 1332 577 1410 dit,
623 1333 755 1397 duo
800 1334 1102 1396 Romana
1143 1353 1276 1395 uno
1321 1332 1461 1396 loco
1506 1333 1773 1413 propius
1816 1332 2072 1408 Albam,
2118 1333 2247 1395 tria
2292 1333 2549 1395 Albana

459 1433 741 1497 Romam
782 1453 1024 1510 versuS,
1067 1433 1179 1495 sed
1221 1432 1538 1495 distantia
1579 1433 1751 1509 locis,
1793 1439 1872 1496 ut
1910 1441 1977 1497 et
2016 1441 2385 1513 pugnatum
2424 1439 2543 1495 est.

392 1546 419 1590 1
582 1534 841 1596 XXIX.
891 1534 1073 1596 Inter
1095 1534 1251 1595 haec
1282 1533 1412 1594 iam
1435 1532 1770 1612 praemissi
1795 1532 2030 1595 Albam
2057 1541 2244 1597 erant
2270 1534 2545 1613 equites,

459 1633 571 1713 qui
617 1632 1106 1695 multitudinem
1138 1633 1557 1696 traducerent
1584 1632 1887 1695 Romam.
1977 1633 2288 1713 Legiones
2314 1632 2549 1695 deinde

391 1748 426 1791 2
457 1732 694 1795 ductae
730 1732 812 1795 ad
850 1732 1234 1794 diruendam
1259 1731 1510 1794 urbem.
1600 1733 1781 1809 Quae
1806 1731 1922 1793 ubi
1947 1732 2274 1796 intravere
2301 1740 2546 1814 portas,

457 1853 589 1896 non
643 1832 906 1913 quidem
960 1832 1086 1895 fuit
1141 1831 1469 1895 tumultus
1521 1831 1631 1894 ille
1680 1851 1797 1894 nec
1851 1852 2076 1913 pavor,
2135 1833 2344 1913 qualis
2400 1853 2550 1912 cap-

455 1939 676 1996 tarum
722 1950 860 1995 esse
907 1932 1169 1995 urbium
1217 1931 1401 2008 solet,
1455 1951 1605 1992 cum
1652 1931 1938 1995 effractis
1986 1932 2193 2013 portis
2240 1932 2549 1995 stratisve

455 2033 656 2097 ariete
699 2033 899 2094 muris
941 2039 1058 2095 aut
1101 2051 1244 2095 arce
1288 2031 1355 2093 vi
1399 2038 1595 2110 capta
1638 2031 1880 2095 clamor
1921 2032 2173 2095 hostilis
2212 2039 2280 2095 et
2324 2050 2549 2093 cursus

455 2151 572 2214 per
619 2132 846 2195 urbem
901 2139 1303 2196 armatorum
1354 2132 1576 2194 omnia
1627 2131 1794 2195 ferro
1847 2132 2239 2214 flammaque
2292 2132 2521 2196 miscet
2532 2153 2548 2209 ;

391 2247 425 2294 8
455 2233 568 2302 sed
643 2233 972 2296 silentium
1048 2233 1234 2296 triste
1311 2251 1384 2295 ac
1462 2231 1667 2294 tacita
1744 2233 2073 2295 maestitia
2148 2233 2242 2296 ita
2316 2232 2549 2296 defixit

456 2334 748 2396 omnium
790 2333 1060 2409 animoS‚
1101 2340 1179 2396 ut
1219 2351 1374 2413 prae
1415 2339 1595 2394 metu
1638 2330 1845 2408 obliti,
1888 2332 2046 2412 quid
2088 2332 2547 2413 relinquerent,

456 2433 613 2514 quid
686 2452 904 2494 secum
977 2433 1237 2507 ferrent,
1313 2431 1652 2493 deficiente
1726 2432 1987 2494 consilio
2060 2432 2549 2512 rogitantesque

457 2531 564 2596 alii
627 2533 803 2609 alioS,
868 2552 1040 2595 nunc
1104 2531 1171 2592 in
1234 2530 1563 2592 liminibus
1626 2538 1897 2607 starent,
1962 2552 2134 2595 nunc
2197 2532 2547 2596 errabundi

454 2699 600 2746 nalo
672 2700 1004 2744 sustinenti:
1077 2710 1132 2742 as
1205 2697 1450 2742 Curiatius
1549 2697 1669 2741 with
1698 2698 1870 2749 equites
1898 2698 2077 2743 before.

456 2768 657 2820 “reebly
686 2767 799 2810 held
828 2768 930 2820 up''
958 2767 1034 2810 his
1063 2766 1232 2810 shield.
1610 2768 1661 2809 2.
1696 2767 1938 2810 hostilis:
1968 2785 2010 2799 =
2038 2768 2256 2811 hostium.
2354 2769 2547 2810 omnia.

520 2835 599 2879 1³.
632 2835 864 2879 dicionis
886 2834 1124 2878 alienae:
1145 2833 1279 2886 pred.
1303 2844 1447 2886 poss..
1554 2862 1568 2876 .
1610 2862 1625 2877 .
1667 2863 1682 2878 .
1721 2835 1943 2878 miscet:
1983 2836 2189 2885 “brings
2226 2845 2359 2886 upon
2396 2846 2546 2888 every

455 2902 688 2953 ”subject
725 2905 779 2944 to
815 2901 901 2944 the
935 2912 1070 2952 sway
1104 2901 1157 2943 of
1191 2900 1450 2944 another.'’
1550 2902 1689 2953 place
1715 2901 1801 2944 the
1828 2901 1988 2944 havoc
2015 2903 2067 2944 of
2094 2903 2180 2944 fire
2208 2902 2306 2944 and
2334 2902 2547 2945 sword.¹’

455 2987 654 3034 ΧΧΙΧ.
712 2987 847 3030 THE
867 2985 1346 3030 DESTRUCTION
1366 2986 1452 3029 or·
1613 2970 1662 3012 ⁸·
1696 2968 1894 3012 tama:
1974 2969 2333 3020 “speechless-”
2444 2969 2548 3013 The

520 3057 697 3098 ALBA
731 3054 968 3098 LONGA,
1551 3038 1685 3082 main
1718 3036 1831 3080 idea.
1866 3037 1917 3079 oi
1954 3036 2039 3080 the
2074 3036 2333 3090 preceding
2369 3037 2547 3089 phrase

1551 3102 1594 3144 is
1634 3101 1903 3153 secondary
1943 3102 2071 3144 here.
2146 3100 2328 3145 obliti:
2368 3102 2407 3144 if
2446 3102 2547 3146 this

523 3143 640 3223 ‘The
695 3141 901 3194 Albans
956 3141 1276 3258 apffaremly
1329 3141 1452 3193 Sub*
1551 3170 1806 3221 suspected
1845 3169 1977 3211 word
2016 3170 2057 3211 is
2093 3170 2226 3220 kept.
2268 3170 2354 3212 the
2390 3170 2544 3214 dazed

453 3217 568 3274 ’Μὶν
612 3211 702 3262 but
808 3225 898 3259 συθ
937 3213 987 3260 ιο
1059 3225 1086 3259 ⁰
1125 3207 1452 3260 treoeherm
1550 3242 1681 3280 state
1713 3237 1765 3279 of
1796 3236 1933 3279 mind
1966 3237 2017 3278 in
2049 3236 2207 3278 which
2241 3237 2327 3278 the
2361 3237 2546 3280 Albans

453 3279 623 3332 aum·
683 3276 736 3354 T,
804 3276 842 3326 ’Τ
857 3274 1072 3341 capital,
1093 3273 1233 3353 Alb?
1249 3275 1448 3340 L⁰n9a²
1554 3308 1777 3349 “cannot
1840 3303 1983 3347 think
2045 3303 2168 3346 out''
2229 3302 2361 3346 what
2426 3304 2548 3356 they

454 3362 506 3399 ²18
527 3361 677 3397 060οΤ
675 3343 860 3408 (1171θῖ11
881 3343 1035 3395 razed
1056 3343 1167 3393 and
1187 3348 1258 3394 πθ
1269 3359 1451 3460 &metu-e
1552 3372 1725 3415 should
1756 3371 1833 3419 do,
1867 3372 1908 3414 is
1938 3369 2106 3422 boldly
2136 3370 2445 3422 represented
2476 3371 2546 3423 by

456 3412 624 3491 lafion
715 3411 1033 3489 tramiserred
1083 3466 1091 3474 ·
1125 3415 1176 3461 to
1269 3475 1280 3487 .
1553 3441 1637 3484 the
1683 3440 1834 3483 blank
1882 3439 2132 3482 condition
2179 3439 2230 3481 of
2277 3438 2362 3480 the
2406 3438 2543 3480 mind

455 3479 639 3546 IM’y’S
697 3479 1020 3544 daemptwn
1079 3475 1198 3529 here
1254 3492 1307 3529 ω
1365 3493 1452 3528 ‘²⁰'
1552 3509 1662 3551 that
1712 3512 1893 3551 cannot
1941 3507 2226 3550 remember.
2309 3506 2381 3548 Cf.
2430 3505 2546 3548 sim-

455 3547 676 3601 counted
708 3563 745 3598 a
778 3551 972 3598 master
972 3545 1132 3612 101606·
1551 3575 1693 3627 ilarly
1748 3575 1962 3618 omnium
2017 3574 2199 3622 oblivia.
2258 3575 2304 3616 5.
2362 3573 2439 3617 38.
2495 3574 2543 3616 5.

520 3647 568 3690 1.
601 3647 756 3691 Inter
777 3646 936 3689 haec:
958 3645 1136 3696 during
1155 3644 1241 3688 the
1255 3654 1453 3686 accusa-
1552 3642 1873 3686 errabundis
1906 3653 1985 3685 see
2008 3640 2197 3684 Introd.
2226 3643 2397 3686 V.·2.c.
2461 3639 2547 3683 ul-

457 3715 562 3758 tlon
590 3715 687 3757 and
719 3713 1034 3766 punishment
1064 3713 1116 3754 or
1147 3712 1368 3755 Fufetius
1397 3721 1452 3753 as
1551 3711 1788 3754 timum:
1830 3710 1943 3752 adv.
1988 3719 2111 3756 acc:
2170 3709 2285 3751 “for
2328 3707 2415 3750 the
2446 3707 2543 3751 last

459 3783 542 3826 the
581 3793 673 3824 one
711 3779 1010 3840 responsible
1050 3779 1125 3822 for
1165 3779 1251 3822 the
1291 3779 1450 3821 Alban
1551 3776 1722 3820 time.”
1786 3773 1927 3818 illud
1960 3773 2159 3816 visuri:
2192 3772 2454 3818 “destined
2490 3777 2545 3817 to

459 3849 726 3900 treachery.
793 3845 1079 3897 Legiones:
1129 3847 1181 3888 in
1232 3849 1451 3890 contrast
1549 3844 1661 3886 look
1688 3855 1819 3897 upon
1844 3843 1953 3887 that
1978 3841 2157 3893 sight.”
