2925 4375
291 2359 356 2402 10

290 2460 351 2501 11

293 2959 356 3000 12

1275 260 1516 314 LIBER
1550 260 1580 313 Ι

386 282 522 317 xxv.
564 262 647 328 12]
2410 268 2477 320 51

389 444 690 507 manibus
725 462 872 504 cum
907 442 1037 505 iam
1073 463 1205 505 non
1239 450 1456 505 motus
1493 450 1757 506 tantum
1793 462 2136 523 corporum
2172 444 2477 523 agitatio-

389 564 514 625 que
569 561 806 622 anceps
860 542 1136 605 telorum
1192 562 1668 622 armorumque,
1725 543 1835 604 sed
1893 543 2161 606 vulnera
2214 565 2479 625 quoque

387 651 455 707 et
506 643 766 722 sanguis
815 641 1184 723 spectaculo
1233 649 1466 716 essent,
1521 642 1651 704 duo
1703 642 1985 704 Romani
2033 662 2227 722 super
2277 645 2479 706 alium

391 744 571 818 aliuS,
624 728 979 805 vulneratis
1026 742 1235 805 tribus
1284 741 1569 817 Albanis,
1620 742 2025 819 exspirantes
2073 751 2475 806 corruerunt.

388 844 490 906 Ad
551 862 827 923 quorum
889 861 1109 903 casum
1171 861 1318 901 cum
1379 838 1844 903 conclamasset
1904 842 2138 920 gaudio
2190 842 2481 905 Albanus
2543 866 2551 872 ·

390 942 738 1017 exercituS,
801 942 1134 1004 Romanas
1201 940 1479 1019 legiones
1544 941 1675 1001 iam
1741 958 1885 1020 spes
1952 948 2114 1016 tota,
2184 943 2475 1003 nondum

391 1050 614 1106 tamen
657 1061 812 1104 cura
853 1042 1242 1116 deseruerat,
1289 1040 1619 1102 exanimes
1662 1040 1802 1102 vice
1843 1041 2054 1117 uniuS,
2102 1061 2300 1121 quam
2344 1049 2473 1104 tres

390 1142 660 1207 Curiatii
713 1142 1292 1204 circumsteterant.
1391 1142 1586 1203 Forte
1636 1140 1691 1202 is
1740 1141 1988 1220 integer
2039 1141 2184 1218 fuit,
2224 1149 2301 1205 ut
2340 1142 2484 1203 uni-

392 1242 592 1305 versis
629 1242 802 1304 solus
841 1261 1256 1321 nequaquam
1294 1261 1433 1321 par,
1476 1241 1565 1301 sic
1606 1241 1915 1303 adversus
1954 1241 2240 1319 singulos
2278 1241 2478 1304 ferox.

395 1345 584 1421 Ergo,
632 1349 708 1405 ut
755 1349 1114 1420 segregaret
1161 1361 1448 1420 pugnam
1494 1360 1738 1416 eorum,
1777 1341 2054 1420 capessit
2100 1342 2342 1420 fugam,
2386 1342 2483 1405 ita

391 1449 574 1505 ratus
625 1448 1003 1516 secutur08,·
1033 1448 1108 1505 ut
1165 1460 1491 1521 quemque
1545 1440 1809 1502 vulnere
1862 1440 2193 1503 adfectum
2247 1461 2480 1521 corpus

390 1542 647 1604 sineret.
737 1541 882 1603 Iam
929 1540 1337 1620 aliquantum
1397 1540 1592 1619 spatii
1650 1559 1732 1602 ex
1788 1559 1866 1603 eo
1926 1540 2087 1617 loco,
2149 1541 2263 1603 ubi
2322 1562 2484 1622 pug-
2555 1595 2559 1599 .

391 1649 624 1704 natum
659 1648 778 1717 est,
818 1641 1177 1720 aufugerat,
1217 1660 1365 1701 cum
1400 1640 1756 1719 respiciens·
1779 1639 1959 1703 videt
1996 1642 2246 1719 magnis
2279 1642 2482 1708 inter-.

391 1742 578 1804 vallis
621 1748 990 1821 sequentes;
1032 1759 1237 1802 unum
1273 1740 1447 1802 haud
1493 1740 1716 1820 procul
1760 1740 1846 1803 ab
1888 1758 2025 1802 sese
2062 1742 2300 1803 abesse.
2393 1743 2473 1803 In

391 1860 542 1903 eum
600 1862 835 1920 magno
891 1840 1140 1919 impetu
1199 1840 1409 1916 rediit,
1468 1846 1535 1901 et
1592 1839 1751 1902 dum
1809 1840 2101 1903 Albanus
2156 1842 2484 1905 exercitus

392 1941 704 2004 inclamat
743 1941 1081 2016 CuriatiOS,
1122 1940 1223 2002 uti
1260 1960 1451 2019 opem
1490 1940 1704 2003 ferant
1744 1940 1950 2016 fratri,
1991 1941 2123 2003 iam
2165 1942 2482 2005 Horatius

395 2060 578 2104 caeso
646 2042 831 2103 hoste
897 2040 1107 2102 victor
1171 2040 1523 2101 secundam
1588 2060 1875 2121 pugnam
1916 2041 2206 2121 petebat.
2294 2043 2478 2103 Tunc

396 2140 691 2217 clamore,
750 2140 958 2222 qualis
1012 2160 1094 2202 ex
1148 2140 1478 2220 insperato
1533 2140 1898 2204 faventium
1953 2141 2135 2218 solet,
2195 2142 2479 2205 Romani

395 2242 714 2304 adiuvant
759 2242 1030 2304 militem
1075 2261 1264 2301 suum
1276 2261 1292 2318 3
1336 2248 1402 2303 et
1445 2241 1550 2302 ille
1593 2241 1857 2320 defungi
1900 2242 2142 2322 proelio
2189 2243 2474 2306 festinat.

396 2342 582 2404 Prius
616 2341 859 2421 itaque,
898 2362 1096 2421 quam
1134 2340 1315 2416 alter,
1345 2341 1458 2420 qui
1494 2360 1611 2403 nec
1649 2342 1870 2420 procul
1899 2342 2145 2418 aberat,
2177 2343 2478 2423 consequi

393 2448 632 2521 posset,
684 2448 752 2504 et
805 2441 1082 2504 alterum
1133 2441 1495 2503 Curiatium
1547 2442 1832 2519 conficit;
1884 2443 2145 2522 iamque
2197 2450 2478 2522 aequato

395 2541 603 2604 Marte
643 2541 876 2620 singuli
915 2547 1314 2620 supererant,
1357 2540 1470 2602 sed
1512 2561 1628 2603 nec
1670 2561 1783 2620 spe
1823 2562 1939 2603 nec
1983 2542 2229 2604 viribus
2268 2561 2473 2623 pares

393 2641 689 2704 Alterum
747 2641 1072 2704 intactum
1142 2641 1308 2703 ferro
1379 2660 1611 2720 corpus
1678 2648 1745 2704 et
1817 2642 2145 2720 geminata
2202 2642 2478 2705 victoria

394 2741 671 2803 ferocem
723 2741 791 2802 in
844 2748 1173 2804 certamen
1225 2740 1493 2802 tertium
1545 2740 1749 2803 dabat
1760 2761 1776 2817 ;
1831 2741 1993 2804 alter
2045 2743 2285 2803 fessum
2340 2742 2481 2804 vul-

393 2860 561 2912 nere,
626 2841 866 2903 fessum
929 2860 1116 2902 cursu
1178 2841 1444 2902 trahens
1505 2859 1737 2920 corpus
1799 2841 2141 2921 victusque
2202 2843 2479 2904 fratrum

393 2949 545 3004 ante
583 2960 651 3002 se
687 2949 902 3021 strage
942 2939 1173 3002 victori
1208 2939 1491 3002 obicitur
1527 2941 1720 3003 hosti.
1812 2940 1945 3003 Nec
1974 2941 2131 3002 illud
2160 2942 2478 3021 proelium

389 3125 708 3177 spectaculo
734 3126 945 3169 essent:
972 3124 1182 3178 keeping
1207 3136 1276 3177 up
1303 3124 1389 3168 the
1551 3125 1629 3168 10.
1666 3125 1805 3170 alter
1847 3155 1863 3170 .
1911 3155 1927 3170 .
1976 3156 1990 3170 .
2030 3125 2297 3170 altorum:
2355 3127 2483 3169 from

391 3194 542 3244 figure
571 3195 623 3236 in
654 3197 698 3236 2.
1486 3195 1585 3234 two
1613 3193 1777 3244 points
1804 3194 1855 3237 of
1882 3194 2025 3236 view:
2056 3194 2183 3236 “the
2209 3193 2350 3236 other
2378 3225 2392 3237 .
2422 3225 2436 3237 .
2468 3225 2481 3238 .

455 3263 502 3304 8.
535 3261 679 3305 vico:
708 3262 826 3304 “for
853 3262 946 3314 the,
966 3261 1070 3304 fate
1096 3261 1199 3304 of.”
1486 3271 1516 3302 a
1545 3260 1773 3304 second.''

451 3329 502 3372 ’1.
535 3328 604 3371 ut
631 3358 645 3372 .
673 3358 687 3372 .
715 3357 729 3372 .
751 3329 854 3372 810:
879 3329 1110 3379 “though
1134 3361 1146 3372 .
1172 3359 1185 3373 .
1211 3360 1224 3372 .
1249 3326 1389 3380 yet‚'’

391 3405 446 3438 as
483 3395 622 3438 often
659 3396 712 3438 in
753 3395 893 3447 Livy.
965 3395 1279 3439 secuturos:
1319 3406 1385 3439 sc.

389 3473 478 3512 eos,
549 3463 624 3505 his
691 3466 981 3514 opponente,
1053 3473 1107 3504 as
1175 3463 1383 3513 subject.

451 3533 501 3575 8.
535 3530 715 3573 videt:
746 3529 808 3572 he
835 3540 938 3572 sees
964 3530 1068 3572 first
1097 3529 1383 3581 physicam,

390 3597 508 3639 then
570 3597 824 3647 mentally,
879 3607 934 3638 as
993 3596 1081 3639 the
1141 3596 1388 3648 following

389 3665 750 3707 constructions
779 3663 927 3706 show.

450 3731 500 3774 9.
533 3741 598 3775 ex
677 3731 960 3782 insperato
1038 3731 1384 3774 faventium:

389 3798 508 3842 such
540 3811 594 3842 as
625 3799 667 3842 is
700 3798 852 3840 theirs
885 3799 1033 3840 “who
1074 3797 1215 3841 cheer
1258 3800 1384 3842 after

389 3867 546 3922 lesing
577 3868 639 3910 all
674 3865 856 3920 hope.'’

1550 3326 1629 3370 11.
1661 3327 1933 3376 Alterum.
1959 3331 2073 3372 etc.:
2120 3328 2246 3373 “the
2275 3339 2381 3377 one,
2407 3327 2486 3370 his

1484 3394 1619 3446 body
1655 3395 1925 3437 unscathed
1962 3395 2030 3446 by
2067 3395 2152 3438 the
2188 3394 2344 3436 sword
2382 3393 2481 3436 and

1484 3463 1559 3504 his
1606 3462 1829 3505 two-told
1878 3463 2072 3512 victory
2120 3461 2265 3503 made
2312 3471 2483 3503 conra-

1484 3529 1681 3579 geous.”
1734 3529 1867 3571 ante
1888 3538 1969 3571 set
1992 3529 2198 3570 “before
2217 3528 2293 3570 his
2316 3526 2483 3578 eyeS.’'

1485 3597 1747 3640 obicitur:
1796 3597 1979 3639 middle
2027 3596 2179 3638 voice.
2261 3595 2333 3637 Cf.
2383 3599 2513 3636 ver-‘

1483 3665 1647 3706 tamur
1680 3664 1796 3713 (13).

1547 3732 1625 3773 12.
1658 3730 1906 3773 fratrum
2006 3729 2293 3774 Mambust
2395 3727 2482 3770 the

1483 3798 1657 3840 shades
1680 3799 1732 3840 of
1754 3798 1829 3839 his
1852 3809 1959 3839 own
1986 3801 2084 3839 two
2109 3796 2332 3838 brothers
2354 3804 2481 3836 were

1483 3865 1598 3908 thus
1662 3864 1904 3917 supposed
1974 3868 2025 3906 to
2089 3863 2151 3907 be
2217 3859 2477 3913 appeased.
