2925 4375
527 219 595 273 60
1421 218 1487 271 Τ.
1535 217 1694 272 LIVI
2387 215 2549 283 [xlvi.
2587 222 2634 271 4

462 413 493 454 4
652 400 775 461 Hic
859 401 929 461 L.
1011 397 1402 480 Tarquinius
1429 434 1511 441 —
1535 398 1734 462 Prisci
1813 397 2125 479 Tarquini
2204 397 2368 477 regis
2448 398 2630 463 filius

528 519 812 580 neposne
865 499 1080 576 fuerit,
1137 518 1370 579 parum
1427 498 1657 579 liquet;
1712 496 2006 577 pluribus
2061 505 2283 577 tamen
2339 488 2631 562 auctori-

531 601 652 664 bus
695 599 900 661 filium
944 598 1255 662 ediderim
1282 598 1657 661 —fratrem
1700 598 2022 661 habuerat
2066 599 2419 661 Arruntem
2460 600 2629 661 Tar·

465 712 495 755 5
531 699 846 781 quinium,
935 698 1110 762 mitis
1194 698 1433 777 ingenii
1516 698 1839 761 iuvenem.
1929 698 2051 761 His
2134 698 2391 762 duobus
2449 697 2627 760 duae

530 798 796 875 Tulliae,
854 798 1018 878 regis
1073 797 1240 861 filiae
1296 804 1673 877 nupserant,
1731 804 1800 861 et
1853 797 2032 876 ipsae
2088 796 2273 877 longe
2328 798 2625 877 dispares

533 899 837 963 moribus.
929 900 1124 961 Forte
1175 898 1270 961 ita
1328 898 1666 975 inciderat,
1712 918 1794 960 ne
1852 898 1983 960 duo
2031 897 2318 961 violenta
2360 897 2625 977 ingenia

534 998 947 1062 matrimonio
987 998 1425 1077 iungerentur,
1469 998 1753 1074 fortuna,
1797 997 2007 1073 credo,
2049 997 2274 1077 populi
2322 998 2623 1073 Romani,

534 1119 664 1179 quo
700 1098 1070 1162 diuturnius
1109 1097 1289 1161 Servi
1324 1117 1594 1177 regnum
1630 1104 1817 1174 esset,
1857 1098 2296 1178 constituique
2332 1097 2625 1161 civitatis

466 1212 498 1254 6
534 1219 742 1262 mores
796 1206 1077 1277 possent.
1179 1197 1561 1277 Augebatur
1613 1198 1795 1260 ferox
1849 1197 2058 1259 Tullia
2112 1198 2269 1260 nihil
2312 1198 2629 1262 materiae

431 1300 436 1305 ’
481 1300 484 1303 ’
533 1300 601 1361 in
647 1299 784 1361 viro
829 1318 1038 1378 neque
1083 1298 1166 1361 ad
1213 1297 1643 1377 cupiditatem
1688 1317 1897 1378 neque
1941 1297 2025 1359 ad
2072 1297 2414 1360 audaciam
2458 1317 2598 1361 esse
2608 1318 2627 1374 ;

536 1406 680 1462 tota
735 1399 804 1460 in
863 1398 1138 1461 alterum
1197 1417 1424 1461 aversa
1482 1398 1907 1478 Tarquinium
1963 1417 2115 1459 eum
2173 1397 2411 1473 mirari,
2472 1417 2625 1459 eum

537 1499 748 1560 virum
785 1498 994 1560 dicere
1030 1518 1104 1560 ac
1141 1498 1313 1577 regio
1349 1498 1664 1575 sanguine
1698 1504 1943 1574 ortum;
1978 1517 2279 1577 spernere
2316 1518 2625 1574 sororem,

471 1612 502 1657 7
536 1598 711 1680 quod
758 1598 970 1659 virum
1013 1604 1210 1660 nacta
1253 1596 1551 1659 muliebri
1594 1604 1871 1661 cessaret
1899 1597 2193 1660 audacia.
2280 1598 2631 1660 Contrahit

537 1697 824 1759 celeriter
861 1697 1218 1761 similitudo
1258 1684 1387 1774 eos,
1428 1703 1508 1760 ut
1548 1696 1677 1758 fere
1717 1697 1793 1759 fit
1820 1732 1901 1739 —
1924 1698 2183 1759 malum'
2212 1696 2383 1760 malo
2424 1698 2633 1775 aptis-

535 1798 774 1861 simum
800 1832 881 1840 —-
904 1797 1015 1860 sed
1068 1797 1330 1859 initium
1384 1796 1694 1860 turbandi
1746 1796 1966 1859 omnia
2018 1817 2057 1860 a
2110 1796 2354 1859 femina
2405 1803 2629 1860 ortum

534 1904 654 1961 est.
743 1898 842 1959 Ea
879 1897 1139 1961 secretis
1179 1896 1300 1958 viri
1339 1896 1529 1959 alieni
1570 1896 1947 1960 adsuefacta
1982 1896 2407 1973 sermonibus,
2437 1896 2631 1960 nullis

541 1998 886 2060 verborum
945 1996 1352 2060 contumeliis
1408 2015 1669 2076 parcere
1725 1996 1804 2057 de
1861 1996 1999 2059 viro
2058 1996 2141 2059 ad
2198 1996 2489 2073 fratrem,
2548 1996 2632 2058 de

541 2117 755 2161 sorore
794 2097 878 2161 ad
918 2098 1131 2159 virum
1142 2119 1158 2175 3
1195 2104 1264 2160 et
1302 2116 1369 2161 se
1407 2096 1645 2159 rectius
1685 2095 1953 2157 viduam
1990 2102 2059 2159 et
2096 2095 2279 2157 illum
2317 2096 2631 2159 caelibem

540 2198 836 2260 futurum
883 2199 1080 2262 fuisse
1127 2197 1535 2273 contendere,
1585 2216 1784 2278 quam
1831 2215 1981 2258 cum
2026 2195 2260 2276 impari
2304 2195 2505 2277 iungi,
2554 2203 2633 2261 ut

474 2315 505 2358 8
537 2298 1123 2377 elanguescendum
1170 2299 1378 2361 aliena
1423 2296 1687 2376 ignavia
1731 2303 1919 2360 esset.
2010 2297 2077 2361 Si
2122 2297 2245 2361 sibi
2290 2317 2461 2374 eum,
2500 2317 2632 2378 quo

540 2397 735 2476 digna
788 2405 976 2476 esset,
1033 2398 1124 2460 dii
1177 2398 1506 2460 dedissent
1562 2396 1793 2473 virum,
1850 2396 2028 2460 domi
2080 2416 2148 2460 se
2202 2416 2403 2477 prope
2456 2397 2632 2460 diem

540 2498 826 2560 visuram
863 2518 1134 2578 regnum
1172 2498 1388 2574 fuisse,
1429 2495 1605 2578 quod
1646 2496 1820 2576 apud
1849 2503 2105 2576 patrem
2136 2497 2380 2560 videat.
2456 2495 2632 2561 Cele-

473 2615 504 2658 9
539 2597 693 2660 riter
730 2598 1209 2660 adulescentem
1245 2616 1400 2660 suae
1437 2595 1828 2660 temeritatis
1863 2597 2111 2676 implet.
2203 2592 2439 2660 Lucius
2474 2597 2633 2659 Tar-

540 2697 799 2778 quinius
863 2704 930 2759 et
995 2697 1206 2759 Tullia
1270 2695 1500 2772 minor,
1567 2715 1768 2776 prope
1835 2696 2232 2760 continuatis
2297 2695 2632 2760 funeribus

597 2951 647 2994 4.
681 2950 849 2996 Prisci
893 2949 1184 3001 'rar-quini:
1237 2949 1322 2993 the
1365 2959 1535 2992 nomen
1698 2950 1747 2992 7.
1780 2948 2001 2993 malum
2036 2980 2050 2994 .
2085 2980 2101 2994 .
2137 2980 2152 2995 .
2183 2950 2571 3002 aptissimum:
2602 2962 2632 2994 a

536 3019 634 3060 and
646 3029 895 3069 comwmen
907 3029 988 3060 are
1003 3019 1282 3061 sometimes
1292 3017 1532 3067 reversed,
1635 3018 1865 3067 proverb:
1888 3018 2126 3061 translate
2146 3019 2472 3070 accordingly.
2516 3019 2633 3062 tur-

536 3087 575 3128 if
610 3085 696 3128 the
735 3095 1018 3135 praenomen
1057 3085 1098 3126 is
1139 3085 1363 3127 omitted.
1424 3085 1536 3128 edl-
1634 3083 1804 3127 bandi
1850 3085 2066 3128 omnia:
2109 3085 2196 3128 the
2238 3085 2424 3136 gerund
2464 3085 2632 3128 rather

539 3151 738 3194 derlni:
801 3151 1042 3202 potential
1106 3151 1420 3202 subjunctive
1483 3151 1535 3194 in
1633 3151 1756 3194 than
1795 3151 1881 3194 the
1920 3152 2187 3202 gerundive
2217 3153 2259 3195 is
2288 3152 2481 3202 regular
2511 3153 2632 3196 with

537 3219 727 3261 modest
757 3222 1040 3260 statement.
1633 3221 1806 3261 neuter
1844 3219 2113 3268 adjectives
2151 3219 2251 3261 and
2290 3229 2541 3271 pronouns
2579 3225 2633 3263 to

601 3288 648 3328 5.
683 3284 901 3328 duobus
934 3313 946 3327 .
979 3313 992 3327 .
1026 3314 1039 3326 .
1067 3286 1400 3336 nupserant:
1427 3286 1535 3329 Ser·
1633 3285 1777 3327 avoid
1836 3286 2128 3337 ambiguity.
2220 3287 2292 3329 Cf.
2354 3288 2394 3330 1.
2452 3289 2529 3330 21.
2590 3289 2631 3332 1.

538 3353 647 3394 vius
673 3351 770 3393 had
797 3351 1059 3394 betrothed
1086 3351 1162 3394 his
1188 3352 1453 3402 daughters
1481 3357 1534 3396 to
1632 3353 1839 3395 rectius
1876 3381 1889 3394 .
1926 3381 1939 3394 .
1978 3382 1991 3394 .
2022 3353 2290 3396 futurum
2320 3353 2517 3398 tuisse:
2552 3355 2631 3398 “lt

538 3419 623 3462 the
657 3429 770 3460 sons
805 3419 857 3459 of
892 3418 1122 3467 Tarquin
1161 3430 1214 3461 so
1249 3419 1360 3462 that
1397 3421 1535 3463 these
1590 3419 1592 3422 ⁴
1633 3419 1794 3461 would
1822 3419 1951 3462 have
1977 3419 2100 3462 been
2126 3419 2344 3468 better;''
2370 3420 2457 3463 the
2482 3421 2633 3472 apod-

537 3496 703 3538 young
764 3496 876 3527 men
940 3485 1096 3535 might
1162 3490 1249 3528 not
1314 3488 1535 3539 conspire
1635 3488 1729 3529 osis
1759 3488 1811 3529 of
1839 3498 1869 3529 a
1899 3491 2133 3538 contrary
2163 3491 2217 3530 to
2247 3488 2349 3530 fact
2379 3487 2633 3531 condition

537 3553 727 3603 against
771 3553 886 3601 him,
923 3563 978 3594 as
1012 3552 1098 3595 the
1129 3564 1244 3596 sons
1276 3554 1327 3596 ot
1371 3556 1535 3597 Ancus
1633 3555 1684 3596 in
1705 3554 1850 3597 indir.
1871 3554 1990 3597 disc.
2044 3555 2117 3597 ct.
2138 3554 2350 3597 visuram
2366 3553 2520 3604 tuisse
2544 3556 2631 3606 (8).

537 3617 635 3661 had
707 3618 961 3670 conspired
1034 3620 1226 3668 against
1300 3621 1537 3671 Tarquin.
1633 3622 1868 3664 viduam
1905 3650 1919 3664 .
1957 3650 1971 3664 .
2009 3651 2023 3664 .
2057 3621 2351 3664 caelibem:
2382 3621 2501 3665 fem.
2533 3622 2633 3666 and

538 3693 632 3728 ne:
689 3685 973 3737 irregularly
1032 3687 1160 3729 after
1217 3697 1248 3729 a
1306 3688 1423 3730 verb
1484 3688 1535 3730 of
1574 3687 1576 3689 ’
1634 3699 1782 3731 masc.
1813 3689 1864 3730 of
1892 3689 1978 3731 the
2004 3699 2139 3732 same
2164 3688 2291 3732 idea.

538 3751 834 3803 happening,
881 3752 1090 3794 because
1133 3763 1164 3795 a
1209 3754 1375 3796 divine
1421 3765 1535 3806 pur-
1694 3755 1745 3797 9.
1780 3755 2171 3799 matrimomo:
2241 3757 2347 3800 dat.
2452 3757 2633 3808 magis

540 3829 655 3869 pose
686 3819 726 3860 is
757 3818 970 3868 implied.
1051 3869 1054 3872 ⁴
1637 3850 1651 3864 .
1683 3851 1696 3864 .
1727 3851 1741 3864 .
1767 3821 2138 3873 adprobante:
2164 3822 2346 3875 simply
2371 3823 2501 3865 “not
2528 3834 2635 3874 pre-
