2925 4375
496 308 605 365 116
1296 274 1305 287 “
1410 308 1477 363 Τ.
1512 307 1672 362 LIVI
2157 374 2159 376 .
2301 306 2518 373 [xxxix.
2555 310 2590 362 9

497 494 687 565 esset,
758 486 1005 568 placuit
1076 507 1224 551 cum
1302 486 1685 567 coniugibus
1759 508 1834 551 ac
1909 484 2122 551 liberis
2173 486 2590 551 iuventutem

498 588 845 653 militarem
913 593 1311 668 senatusque
1385 587 1585 651 robur
1648 586 1718 651 in
1785 608 1998 651 arcem
2063 586 2591 669 Capitoliumque

401 699 464 744 10
497 686 867 765 concedere,
922 686 1247 767 armisque
1298 694 1366 750 et
1418 687 1750 751 frumento
1809 685 2089 764 conlato,
2135 708 2218 751 ex
2261 687 2402 751 loco
2438 688 2592 750 inde

498 785 754 851 munito
810 785 969 849 deos
1027 786 1449 867 hominesque
1508 794 1576 851 et
1636 788 2011 850 Romanum
2070 807 2313 850 nomen
2369 787 2594 849 defen-

402 900 459 942 11
497 886 649 951 dere
656 906 675 965 ;
728 886 1055 950 flaminem
1108 887 1608 967 sacerdotesque·
1657 886 1951 950 Vestales
2001 908 2188 951 sacra
2236 886 2503 968 publica
2555 908 2596 949 a

500 986 716 1063 caede,
768 986 852 1049 ab
900 984 1211 1049 incendiis
1258 986 1482 1066 procul
1535 986 1785 1049 auferre
1835 1007 1951 1049 nec
2000 993 2156 1050 ante
2203 986 2410 1049 deseri
2461 986 2595 1049 cul-

405 1104 465 1145 12
497 1092 643 1150 tum
696 1086 986 1161 deorum,
1044 1105 1245 1167 quam
1300 1107 1432 1148 non
1485 1092 1916 1166 superessent,
1963 1086 2077 1167 qui
2132 1086 2435 1150 colerent.
2526 1086 2594 1149 Si

419 1194 428 1200 '
500 1206 619 1249 arx
684 1186 1226 1266 Capitoliumque,
1297 1186 1482 1249 sedes
1549 1186 1840 1263 deorum,
1909 1186 1965 1249 si
2031 1193 2316 1263 senatus,
2390 1192 2594 1267 caput

499 1284 742 1366 publici
812 1285 1076 1361 consilii,
1148 1286 1203 1347 si
1271 1285 1568 1349 militaris
1636 1286 1945 1349 iuventus
2011 1286 2404 1365 superfuerit
2473 1286 2595 1348 im-

500 1384 774 1449 minenti
831 1385 1056 1447 ruinae
1114 1385 1312 1461 urbis,
1374 1386 1629 1449 facilem
1689 1386 2009 1449 iacturam
2068 1406 2207 1449 esse
2263 1386 2593 1449 seniorum

406 1503 463 1545 13
497 1485 759 1549 relictae
784 1484 853 1547 in
874 1484 1035 1548 urbe
1056 1486 1285 1566 utique
1304 1487 1597 1566 peritura
1623 1486 1875 1549 turbae.
1940 1486 2029 1549 Et
2057 1507 2187 1566 quo
2204 1486 2270 1547 id
2289 1486 2594 1566 aequiore

501 1586 717 1649 animo
754 1584 837 1648 de
875 1585 1061 1665 plebe
1100 1585 1454 1647 multitudo
1495 1585 1711 1662 ferret,
1751 1606 1935 1648 senes
1973 1585 2402 1666 triumphales
2441 1607 2594 1648 con-

497 1684 869 1764 sularesque
908 1683 1100 1747 simul
1140 1704 1209 1747 se
1251 1705 1398 1747 cum
1440 1684 1562 1748 illis
1603 1685 1823 1765 palam
1864 1685 2075 1747 dicere
2114 1685 2430 1759 obiturOS,
2473 1705 2592 1748 nec

500 1785 598 1848 his
632 1784 1025 1864 corporibus,
1064 1783 1299 1865 quibus
1334 1807 1466 1848 non
1501 1806 1684 1848 arma
1717 1785 1899 1860 ferre,
1938 1806 2069 1848 non
2102 1784 2271 1848 tueri
2303 1784 2592 1865 patriam

498 1890 784 1965 possent,
826 1890 1207 1947 oneraturos
1246 1884 1537 1964 inopiam
1577 1891 2000 1947 armatorum.

436 2004 461 2046 1
623 1984 765 2047 XL.
814 1984 993 2047 Haec
1063 1984 1233 2045 inter
1299 1984 1581 2047 seniores
1649 1984 1846 2047 morti
1913 1984 2277 2048 destinatos
2343 1984 2596 2049 iactata

498 2084 754 2147 solacia.
845 2084 1083 2146 Versae
1127 2082 1277 2145 inde
1311 2083 1804 2147 adhortationes
1849 2083 1931 2147 ad
1979 2104 2211 2163 agmen
2254 2085 2590 2161 iuvenum,

500 2206 663 2266 quos
728 2183 796 2246 in
863 2182 1256 2263 Capitolium
1325 2191 1525 2265 atque
1591 2184 1658 2246 in
1727 2205 1939 2248 arcem
2006 2173 2591 2265 prosequebantur,

500 2283 1032 2372 commendantes
1107 2283 1339 2346 virtuti
1414 2304 1637 2347 eorum
1713 2283 2151 2365 iuventaeque
2225 2285 2405 2348 urbis
2478 2305 2595 2365 per

500 2390 823 2447 trecentos
862 2384 1203 2462 sexaginta
1241 2405 1446 2447 annos
1484 2384 1788 2447 omnibus
1827 2382 2009 2447 bellis
2049 2384 2352 2460 victriciS‚
2395 2404 2594 2465 quae-

434 2507 465 2548 2
499 2503 777 2564 cumque
817 2482 1064 2563 reliqua
1102 2490 1271 2546 esset
1311 2484 1595 2547 fortuna.
1682 2484 2228 2563 Digredientibus‚
2259 2484 2373 2564 qui
2407 2505 2591 2564 spem

498 2602 759 2646 omnem
806 2589 1006 2664 atque
1052 2604 1243 2662 opem
1289 2604 1509 2646 secum
1556 2583 1874 2660 ferebant,
1923 2584 2007 2646 ab
2053 2583 2149 2660 iis,
2199 2583 2312 2664 qui
2359 2590 2593 2663 captae

434 2705 464 2746 3
499 2683 675 2747 urbis
743 2704 875 2745 non
940 2693 1270 2763 superesse
1336 2690 1708 2746 statuerant
1775 2683 1996 2760 exitiO,
2068 2704 2215 2746 cum
2282 2683 2428 2762 ipsa
2493 2704 2594 2747 res

498 2783 872 2863 speciesque
912 2782 1292 2846 miserabilis
1332 2790 1494 2860 erat,
1540 2790 1684 2845 tum
1727 2782 2056 2846 muliebris
2099 2784 2288 2845 fletus
2323 2787 2398 2846 ‘et
2441 2804 2594 2846 con-

499 2883 783 2946 cursatio
818 2882 1069 2946 incerta
1104 2905 1275 2946 nunc
1314 2884 1432 2946 hos
1469 2904 1640 2945 nunc
1679 2881 1819 2946 illos
1855 2883 2269 2963 sequentium
2306 2883 2594 2961 rogitan-

498 2982 799 3062 tiumque
841 2981 1014 3046 viros
1056 2990 1396 3062 natosque,
1445 2983 1549 3046 cui
1590 3003 1658 3046 se
1701 2983 1840 3044 fato
1885 2982 2138 3058 darent,
2185 2981 2364 3058 nihil,
2413 2982 2590 3063 quod

436 3105 464 3146 4
499 3083 769 3145 humani
843 3090 1205 3160 superesset
1282 3082 1455 3157 mali,
1535 3082 2006 3162 relinquebant.
2131 3081 2369 3160 Magna
2443 3103 2595 3161 pars

562 3233 643 3276 10.
674 3231 829 3276 indez
859 3230 1116 3284 temporal.
1658 3233 1706 3276 1.
1738 3232 2142 3284 iuventaeque:
2164 3244 2196 3276 a
2215 3231 2440 3286 pathetic
2459 3231 2596 3276 word

565 3301 643 3344 11.
676 3299 992 3343 flaminem:
1025 3301 1087 3344 cf.
1121 3303 1196 3344 40.
1232 3304 1276 3360 7.
1595 3302 1720 3344 from
1753 3303 1840 3345 the
1870 3302 2090 3345 seniores.

566 3368 643 3410 12.
676 3367 899 3410 turbae:
948 3368 1069 3411 with
1114 3369 1349 3412 iacturam
1396 3369 1496 3412 and
1656 3371 1707 3411 2.
1741 3369 1937 3420 captae
1974 3397 1988 3411 .
2013 3397 2028 3412 .
2053 3397 2067 3412 .
2101 3369 2295 3414 exitioz
2329 3369 2458 3412 “the
2481 3380 2597 3420 eap-

499 3434 757 3486 explained
781 3434 849 3486 by
874 3435 1128 3478 seniorum.
1186 3436 1258 3479 Cf.
1284 3438 1361 3480 41.
1391 3438 1431 3479 1.
1595 3441 1708 3480 ture
1729 3435 1828 3478 and
1853 3435 2159 3478 destruction
2179 3439 2232 3481 ot
2253 3437 2340 3480 the
2361 3436 2520 3490 city.”

563 3502 643 3544 18.
676 3508 813 3552 quo:
842 3517 885 3534 ===
912 3502 964 3543 ut
1003 3512 1070 3545 eo.
1143 3501 1225 3545 id:
1266 3506 1403 3546 neut.
1445 3504 1498 3546 of
1657 3504 1708 3546 3.
1742 3502 2055 3546 munem-1⁸:
2091 3519 2135 3534 ==
2167 3502 2424 3546 mulierum
2474 3505 2596 3547 with

499 3568 630 3612 loose
653 3568 898 3612 reference
922 3570 976 3611 to
1002 3569 1088 3612 the
1112 3569 1432 3614 destruction.
1594 3570 1753 3613 which
1831 3571 2124 3620 sequentium
2201 3569 2598 3620 rom‘tantiumque

1089 3687 1092 3691 ,
1594 3648 1751 3688 agree.
1826 3638 1977 3689 quod
2016 3636 2355 3688 superessem
2396 3637 2596 3680 “which

569 3686 691 3740 XL.
764 3685 875 3738 The
903 3686 1171 3764 vividne-ssss
1201 3689 1257 3753 Of
1286 3688 1369 3740 the
1397 3689 1497 3754 fol-
1595 3704 1738 3747 could
1771 3704 1900 3747 have
1930 3703 2232 3746 remained.”
2281 3703 2399 3746 Past
2423 3708 2598 3756 poten-

500 3753 692 3817 lowinq
757 3753 1041 3816 narrative,
1111 3759 1183 3804 πε
1248 3756 1498 3820 masterly
1596 3771 1701 3815 tial.

500 3823 786 3894 treatment,
850 3817 1039 3870 should
1099 3819 1158 3871 be
1216 3822 1497 3886 compared
1657 3836 1707 3879 4.
1740 3835 1892 3888 quod
1939 3834 2104 3881 utile:
2151 3834 2262 3885 viz..
2313 3833 2600 3889 forbiddtng

500 3883 626 3936 wtth
660 3885 710 3935 1.
740 3886 830 3963 29.
1595 3903 1774 3948 shelter
1805 3908 1858 3948 to
1889 3905 2342 3951 non-combatantS.
