2925 4375
367 233 568 285 xxviii.
616 232 699 297 10]
1226 230 1463 283 LIBER
1491 230 1597 284 ΠΙ
2077 252 2080 254 Δ
2401 235 2473 291 8¹7

368 414 643 494 imperio
705 416 962 493 signum
1024 419 1322 476 secutum
1382 418 1503 477 est.
1596 412 1782 477 Iussa
1842 413 2023 478 miles
2070 415 2464 495 exsequitur.

370 513 630 577 Clamor
688 514 906 575 hostes
972 513 1407 575 circumsonat
1417 533 1434 589 ;
1500 520 1766 592 superat
1831 513 1980 577 inde
2047 521 2261 577 castra
2327 515 2472 577 hos-

298 630 334 671 4
373 615 543 677 tium
596 619 665 676 et
721 613 789 675 in
844 618 1061 675 castra
1114 611 1393 675 consulis
1450 613 1631 675 venit
1641 632 1658 688 3
1717 612 1868 675 alibi
1923 633 2254 692 pavorem,
2315 612 2468 676 alibi

374 713 687 793 gaudium
740 713 964 791 ingens
1017 712 1194 775 facit.
1286 712 1571 775 Romani
1625 712 1878 775 civilem
1931 733 2068 777 esse
2121 713 2469 776 clamorem

375 820 576 893 atque
644 811 958 875 auxilium
1026 811 1248 874 adesse
1313 811 1485 874 inter
1547 832 1615 875 se
1681 810 2084 891 gratulantes
2149 812 2321 875 ultro
2387 833 2470 876 ex

218 918 239 931 ‘
302 930 335 971 5
373 912 771 975 stationibus
812 933 886 974 ac
928 911 1159 990 vigiliis
1200 912 1507 975 territant
1547 912 1822 975 hostem.
1907 911 2143 975 Consul
2171 912 2472 975 differen-

374 1011 534 1074 dum
572 999 795 1091 negat:
834 1011 942 1073 illo
982 1010 1260 1074 clamore
1298 1033 1429 1073 non
1470 1012 1829 1075 adventum
1869 1011 2064 1075 modo
2100 1012 2466 1091 significari,

374 1110 487 1175 sed
529 1131 666 1175 rem
709 1112 793 1173 ab
831 1111 963 1174 suis
1006 1118 1306 1190 coeptam
1316 1132 1333 1187 ;
1375 1112 1743 1192 mirumque
1782 1133 1939 1188 esse,
1981 1113 2050 1175 ni
2103 1112 2244 1174 iamv
2288 1119 2470 1176 exte-

301 1226 337 1270 e
373 1212 539 1275 riore
591 1218 778 1291 parte
832 1218 1047 1273 castra
1098 1211 1386 1274 hostium
1437 1219 1918 1290 oppugnentur.
2010 1212 2246 1292 Itaque
2281 1232 2464 1275 arma

373 1332 527 1374 suos
560 1331 789 1390 capere
822 1318 890 1373 et
924 1330 992 1373 se
1025 1310 1333 1391 subsequi
1366 1311 1569 1373 iubet.
1663 1312 1870 1373 Nocte
1891 1312 2130 1373 initum
2152 1311 2470 1391 proelium

373 1418 474 1473 est
485 1432 501 1488 ;
547 1411 904 1489 legionibus
948 1410 1287 1473 dictatoris
1331 1410 1610 1473 clamore
1653 1412 2019 1489 significant
2064 1412 2149 1475 ab
2190 1431 2270 1475 ea
2311 1432 2473 1491 quo-

302 1528 337 1571 7
375 1532 501 1591 que
536 1518 723 1591 parte
757 1532 894 1573 rem
929 1511 996 1572 in
1030 1510 1397 1572 discrimine
1419 1532 1575 1573 esse.
1669 1512 1812 1573 Iam
1845 1532 1912 1573 se
1948 1512 2030 1573 ad
2066 1510 2472 1590 prohibenda

374 1611 759 1673 circumdari
792 1631 991 1689 opera
1024 1611 1233 1691 Aequi
1266 1611 1611 1689 parabant,
1649 1632 1797 1673 cum
1833 1611 1917 1673 ab
1949 1611 2251 1674 interiore
2283 1611 2472 1673 hoste

374 1709 616 1789 proelio
668 1723 919 1790 coept0,
964 1711 1054 1773 ne
1102 1731 1217 1790 per
1266 1709 1482 1773 media
1529 1732 1649 1773 sua
1698 1718 1913 1773 castra
1960 1711 2141 1773 fieret
2190 1710 2468 1789 eruptiO,

375 1830 415 1871 a
475 1809 919 1872 munientibus
979 1810 1061 1872 ad
1122 1816 1490 1889 pugnantes
1549 1810 1904 1872 introrsum
1964 1810 2130 1873 versi
2192 1830 2471 1873 vacuam

374 1916 636 1971 noctem
702 1909 880 1989 operi
948 1910 1180 1971 dedere
1190 1931 1207 1985 ;
1275 1916 1772 1990 pugnatumque
1841 1930 1990 1971 cum
2057 1909 2318 1973 consule
2386 1908 2470 1972 ad

302 2024 338 2067 8
374 2009 585 2071 lucem
635 2016 755 2071 est.
848 2010 1018 2072 Luce
1071 2009 1283 2088 prima
1333 2009 1465 2071 iam
1520 2009 1990 2073 circumvallati
2033 2010 2118 2073 ab
2149 2010 2471 2073 dictatore

371 2116 581 2186 erant,
621 2116 690 2172 et
729 2109 841 2171 vix
880 2110 1191 2172 adversus
1228 2130 1433 2171 unum
1471 2110 1831 2172 exercitum
1868 2130 2156 2189 pugnam
2193 2110 2472 2172 sustine-

373 2210 555 2272 bant.
645 2211 819 2272 Tum
890 2231 928 2272 a
1000 2210 1392 2286 Quinctiano
1464 2210 1773 2286 exercitU,
1850 2210 1962 2290 qui
2035 2209 2378 2272 confestim
2432 2231 2472 2272 a

374 2310 660 2390 perfecto
719 2330 911 2389 opere
969 2310 1050 2372 ad
1110 2330 1291 2372 arma
1346 2309 1558 2384 rediit,
1610 2309 1945 2372 invaditur
1987 2309 2252 2371 vallum.
2344 2309 2468 2372 Hic

302 2425 339 2468 9
372 2410 666 2474 instabat
726 2431 901 2473 nova
959 2430 1205 2489 pugna;
1264 2408 1374 2471 illa
1432 2408 1590 2471 nihil
1649 2409 1983 2472 remiserat
2019 2409 2209 2489 prior.
2299 2410 2469 2471 Tum

374 2510 643 2590 ancipiti
702 2509 874 2572 malo
932 2520 1220 2587 urgente,
1282 2530 1321 2571 a
1377 2509 1618 2588 proelio
1677 2508 1760 2571 ad
1818 2528 2037 2588 preces
2094 2509 2262 2572 versi
2319 2509 2467 2571 hinc

373 2609 784 2686 dictatorem,
842 2610 991 2671 hinc
1048 2608 1377 2671 consulem
1432 2628 1636 2685 orare,
1694 2629 1775 2670 ne
1830 2607 1896 2670 in
1951 2608 2281 2671 occidione
2337 2608 2470 2670 vic-

373 2710 610 2780 toriam
654 2720 990 2789 ponerent,
1016 2716 1092 2771 ut
1135 2708 1409 2770 inermes
1450 2729 1518 2771 se
1559 2707 1709 2771 inde
1753 2708 1929 2770 abire
1969 2709 2273 2770 sinerent.
2365 2708 2469 2769 Ab

373 2808 633 2871 consule
680 2809 763 2871 ad
810 2809 1200 2871 dictatorem
1246 2807 1337 2869 ire
1382 2808 1538 2870 iussi
1549 2828 1564 2884 3
1611 2808 1664 2870 is
1709 2807 2130 2886 ignominiam
2176 2807 2467 2870 infensus

269 2924 335 2964 10
370 2899 626 2971 addidit
637 2929 653 2986 ;
714 2910 1080 2971 Gracchum
1138 2905 1449 2970 Cloelium
1508 2907 1740 2969 ducem
1799 2907 2250 2986 principesque
2309 2904 2467 2968 alios

958 3152 1065 3161 -—

434 3211 483 3254 8.
517 3209 731 3254 mirum
779 3241 793 3255 .
842 3241 855 3254 .
905 3241 919 3254 .
964 3211 1049 3255 ni:
1093 3208 1365 3260 colloquial.
1531 3209 1579 3252 8.
1616 3209 1976 3262 Quinctiano:
2005 3227 2046 3242 a
2077 3208 2311 3261 Quinctii,-
2387 3219 2468 3252 see

372 3281 532 3330 “very
561 3279 760 3330 likely.”
1469 3277 1722 3322 Introd.V.
1737 3281 1779 3321 2.
1794 3279 1841 3322 d.
1873 3276 2181 3319 vanumzor
2196 3277 2281 3319 the
2293 3277 2466 3325 Aequi.

435 3345 481 3390 6.
515 3355 636 3389 rem
704 3347 767 3388 ln
836 3345 1158 3389 dsscrlmlne
1227 3352 1367 3386 one:
1528 3345 1578 3387 9.
1613 3352 1685 3386 ne
1728 3373 1743 3387 .
1787 3342 1818 3386 .'
1847 3373 1860 3386 .
1901 3343 2199 3394 ponerent:
2240 3342 2369 3386 “not
2411 3345 2466 3386 to

373 3414 524 3458 “that
552 3413 637 3457 the
662 3413 784 3463 fight
810 3424 912 3455 was
937 3411 1053 3456 on.’'
1465 3411 1612 3453 make
1624 3411 1819 3462 victory
1833 3410 2012 3461 signify
2024 3409 2150 3452 total
2165 3409 2469 3460 slaughter.'’

434 3483 483 3524 ’1.
515 3488 757 3524 vacuam
802 3508 815 3522 .
861 3509 875 3522 .
921 3508 935 3522 .
976 3479 1196 3522 deden:
1238 3478 1366 3521 “left
1529 3479 1608 3521 10.
1645 3478 1960 3524 Gracchum
1985 3476 2277 3522 Cloelium:
2300 3487 2380 3518 see
2402 3486 2468 3518 on

372 3551 473 3592 free
506 3549 630 3600 for‚’'
664 3558 719 3590 so
752 3547 863 3591 that
898 3547 1077 3597 during
1107 3546 1193 3588 the
1226 3545 1365 3596 night
1470 3547 1510 3588 1.
1542 3546 1618 3588 46.
1651 3547 1695 3588 4.
1762 3545 1839 3588 He
1867 3555 1968 3586 was
1997 3544 2129 3594 lonae
2158 3543 2382 3594 princepe
2409 3541 2466 3584 in

369 3616 457 3660 the
496 3615 720 3666 rescuing
760 3615 916 3658 forces
958 3619 1049 3666 put
1092 3625 1123 3656 a
1163 3613 1367 3654 circum·
1466 3611 1644 3662 Aequis
1672 3613 1766 3660 (25.
1791 3611 1861 3661 5).
1918 3610 2130 3654 decedi:
2151 3608 2465 3660 impersonal.

368 3682 606 3726 vallatlon
629 3682 782 3724 about
806 3681 891 3724 the
915 3681 1086 3730 Aequi.
1110 3679 1221 3722 who
1242 3689 1367 3722 were
1471 3679 1598 3722 “the
1636 3679 1930 3721 evacuation
1968 3677 2071 3720 of.’'
2148 3675 2467 3726 :autumus

370 3749 487 3792 thus
531 3748 713 3798 caught
759 3748 981 3791 between
1026 3749 1125 3790 two
1170 3745 1365 3788 Roman
1466 3746 1552 3788 the
1582 3745 1798 3795 genitive
1828 3743 1949 3786 with
1981 3753 2107 3794 caere
2136 3743 2178 3794 ts
2208 3753 2330 3792 rare.
2364 3739 2466 3786 and

367 3817 558 3860 armies..
1465 3812 1675 3864 perhaps
1701 3811 1976 3861 colloquial.
