2925 4375
387 212 524 271 xlvi.
565 211 617 286 9]
1254 216 1489 275 LIBER
1527 217 1618 275 111
2376 220 2472 274 101

385 399 650 465 defendi
680 400 765 465 ab
800 400 1001 478 Icilio,
1030 390 1143 465 sed
1179 401 1546 483 inquietum
1583 401 1911 466 hominem
1954 409 2023 467 et
2067 401 2479 466 tribunatum

385 502 587 563 etiam
625 522 796 564 nunc
822 502 1180 582 spirantem
1227 501 1439 565 locum
1485 502 1822 566 seditionis
1866 522 2172 582 quaerere
2214 501 2478 565 diceret.

312 612 347 653 3
387 601 537 663 Non
559 602 1008 681 praebiturum
1036 622 1104 665 se
1130 601 1222 663 illi
1242 622 1318 665 eo
1344 601 1450 665 die
1474 602 1844 679 materiam;
1879 601 1991 665 sed
2028 609 2104 664 ut
2131 602 2260 664 iam
2287 602 2482 665 sciret

387 722 520 763 non
565 700 629 762 id
675 700 1080 780 petulantiae
1123 722 1299 776 suae,
1344 701 1457 765 sed
1505 702 1805 780 Verginio
1853 702 2107 765 absenti
2150 707 2217 765 et
2263 701 2481 781 patrio

386 800 637 863 nomini
678 807 747 863 et
793 800 1080 864 libertati
1124 801 1377 878 datum,
1425 802 1526 865 ius
1569 821 1646 864 eo
1691 801 1795 863 die
1838 822 1906 865 se
1951 823 2083 864 non
2126 801 2478 876 dicturum,

388 920 599 981 neque
631 900 964 963 decretum
999 902 1565 980 interpositurum;
1600 920 1640 964 a
1673 902 1758 963 M.
1794 900 2063 964 Claudio
2095 902 2480 981 petiturum,

387 1006 465 1063 ut
499 999 838 1063 decederet
884 1001 1019 1063 iure
1052 1022 1172 1063 suo
1211 1000 1654 1085 vindicarique
1701 1000 1984 1081 puellam
2032 1000 2101 1064 in
2148 1008 2482 1081 posterum

316 1113 351 1154 4
386 1099 561 1163 diem
614 1084 975 1179 pateretur;
1030 1100 1205 1180 quod
1260 1101 1381 1163 nisi
1434 1107 1623 1180 pater
1674 1107 1935 1181 postero
1987 1100 2092 1165 die
2145 1100 2480 1177 adfuisset,

388 1200 774 1262 denuntiare
825 1221 893 1262 se
945 1200 1125 1262 Icilio
1176 1200 1624 1281 similibusque
1677 1200 1837 1277 Icili,
1893 1220 2103 1280 neque
2154 1200 2277 1279 legi
2326 1220 2482 1263 suae

390 1299 663 1362 latorem
722 1320 932 1380 neque
991 1300 1357 1363 decemviro
1416 1301 1856 1363 constantiam
1913 1300 2151 1363 defore.
2243 1300 2376 1362 Nec
2413 1320 2481 1361 se

391 1400 618 1479 utique
666 1399 1053 1479 collegarum
1101 1399 1357 1463 lictores
1404 1406 1919 1463 convocaturum
1967 1400 2049 1463 ad
2099 1399 2482 1463 coercendos

387 1498 723 1562 seditionis
763 1506 1085 1575 auctores;
1125 1507 1510 1563 contentum
1547 1520 1616 1564 se
1651 1500 1785 1563 suis
1823 1499 2157 1563 lictoribus
2195 1499 2351 1562 fore.

316 1613 354 1658 5
514 1599 677 1662 Cum
727 1599 1014 1687 ⁷dilatum
1073 1606 1335 1679 tempus
1391 1600 1663 1662 iniuriae
1718 1606 1888 1663 esset
1945 1600 2483 1679 secessissentque

388 1698 695 1762 advocati
741 1698 1013 1778 puellae,
1062 1698 1309 1779 placuit
1353 1699 1648 1762 omnium
1695 1699 1979 1780 primum
2026 1698 2296 1761 fratrem
2345 1698 2482 1760 Icili

388 1796 723 1877 filiumque
767 1799 1116 1875 Numitori,
1158 1798 1468 1879 impigros
1509 1799 1794 1875 iuveneS‚
1837 1818 2098 1879 pergere
2126 1797 2277 1861 inde
2303 1804 2484 1860 recta

324 1942 331 1945 -
388 1898 479 1961 ad·
533 1904 813 1978 portam,
873 1905 961 1974 et,
1024 1905 1349 1978 quantum
1410 1898 1748 1961 accelerari
1806 1904 2045 1979 posset,
2106 1897 2482 1978 Verginium

302 2014 351 2070 ‚e
388 1998 580 2073 acciri
627 2018 663 2060 e
712 1999 966 2061 castris:
1014 1998 1083 2061 in
1129 2018 1205 2061 eo
1256 1998 1423 2061 verti
1473 1997 1724 2078 puellae
1771 1997 2070 2074 salutem,
2119 1997 2175 2060 si
2223 2004 2481 2077 postero

386 2097 493 2162 die
536 2097 778 2161 vindex
819 2097 1091 2161 iniuriae
1135 2098 1217 2162 ad
1262 2104 1524 2177 tempus
1567 2104 1825 2177 praesto
1869 2103 2059 2161 esset.
2147 2096 2316 2159 Iussi
2342 2118 2484 2178 per-

386 2204 553 2279 gunt
620 2199 966 2279 citatisque
1030 2199 1214 2280 equis
1279 2199 1586 2261 nuntium
1654 2198 1736 2261 ad
1803 2205 2057 2279 patrem
2125 2197 2480 2279 perferunt.

321 2316 350 2359 7
386 2299 552 2361 Cum
600 2298 875 2361 instaret
926 2299 1218 2362 adsertor
1258 2299 1530 2378 puellae,
1583 2305 1658 2361 ut
1710 2298 2069 2361 vindicaret
2111 2318 2483 2378 sponsores-

386 2418 515 2478 que
570 2398 777 2473 daret‚
839 2404 1039 2478 atque
1095 2398 1161 2460 id
1219 2398 1434 2479 ipsum
1508 2399 1610 2478 agi
1666 2398 1908 2461 diceret
1967 2397 2185 2462 Icilius
2254 2397 2480 2461 sedulo

386 2504 649 2578 tempus
708 2505 941 2575 terem,
1002 2499 1162 2560 dum
1221 2497 1666 2579 praeciperent
1725 2497 1849 2562 iter
1905 2498 2120 2562 nuntii
2179 2497 2356 2561 missi
2414 2498 2482 2561 in

386 2604 620 2675 castra,
674 2618 907 2661 manus
956 2597 1179 2662 tollere
1229 2598 1518 2677 undique
1568 2597 1923 2661 multitudo
1972 2604 2039 2661 et
2088 2619 2156 2662 se
2206 2598 2480 2678 quisque

316 2717 349 2760 8
385 2704 691 2777 paratum
753 2697 836 2760 ad
896 2687 1351 2778 spondendum
1414 2697 1594 2760 Icilio
1652 2698 2011 2761 ostendere.
2116 2699 2336 2778 Atque
2376 2696 2479 2760 ille

386 2796 915 2861 lacrimabundus
960 2800 1251 2878 ‘gratum
1293 2797 1423 2860 est'
1469 2797 1684 2878 inquit
1695 2819 1712 2875 ;
1758 2798 2072 2861 ‘crastina
2114 2798 2217 2860 die
2262 2804 2480 2860 vestra

382 2917 582 2976 opera
631 2905 801 2973 utar,
854 2918 1239 2978 sponsorum
1291 2919 1464 2960 nunc
1515 2897 1675 2960 satis
1725 2898 1866 2959 est.'
1964 2898 2072 2960 Ita
2110 2897 2479 2960 vindicatur

381 2996 687 3078 Verginia
726 2997 1200 3076 spondentibus
1241 2997 1641 3078 propinquis

310 3117 345 3162 9
509 3097 761 3177 Appius
808 3096 1135 3176 paulisper
1182 3104 1495 3172 moratus,
1547 3117 1627 3159 ne
1674 3098 1811 3160 eius
1859 3097 1950 3159 rei
1998 3118 2193 3159 causa
2239 3097 2476 3160 sedisse

442 3284 492 3327 8.
526 3282 585 3327 m
618 3313 632 3327 .
670 3313 685 3327 .
726 3313 740 3326 .
773 3280 994 3326 uatum:
1032 3282 1163 3324 “this
1186 3291 1381 3325 conces·
1480 3282 1527 3326 S.
1591 3283 1648 3326 E.
1709 3283 1761 3325 of
1821 3283 1992 3326 Rome.

379 3350 487 3392 sion
531 3360 630 3392 was
673 3349 869 3391 made.”
943 3349 1033 3391 iun
1082 3378 1095 3390 .
1146 3377 1158 3390 .
1209 3378 1222 3391 .
1267 3349 1377 3392 ‹nc-
1540 3354 1588 3395 ’1.
1623 3350 1886 3392 instaret:
1919 3360 1984 3393 sc.
2022 3350 2173 3392 Icilio.
2253 3357 2478 3400 :ponzo-

379 3417 603 3460 turum:
637 3427 772 3458 more
806 3415 1049 3466 narrowly
1084 3415 1277 3470 defined
1311 3415 1380 3468 by
1477 3425 1675 3466 resque
1697 3414 1878 3459 daret:
1906 3416 2057 3465 “give
2078 3415 2476 3458 bondsmen”for

377 3484 606 3526 decretum
649 3483 1053 3532 imm-positurum,
1102 3483 1271 3525 “issue
1314 3494 1379 3525 an
1477 3483 1564 3525 her
1585 3493 1958 3534 reappearance.
2013 3482 2241 3532 tempu·
2263 3483 2474 3524 terens:

376 3550 575 3592 interim
633 3549 853 3592 decree.''
945 3549 1047 3592 The
1104 3551 1270 3592 action
1329 3551 1380 3591 of
1479 3549 1750 3600 “spinning
1777 3552 1865 3591 out
1909 3548 1995 3591 the
2038 3549 2210 3597 time,''
2250 3549 2471 3598 because,

376 3618 453 3660 45.
483 3617 511 3659 3
536 3617 592 3667 ie,
611 3617 864 3665 therefore,
894 3615 1199 3658 withdrawn.
1258 3616 1381 3658 vin-
1478 3627 1531 3657 as
1571 3615 1890 3665 praeciperent
1932 3618 2016 3657 too
2048 3614 2253 3665 implies,
2287 3615 2475 3666 Appius

376 3683 573 3727 meari:
599 3693 664 3725 sc.
690 3683 746 3725 in
771 3683 1038 3725 libertatem.
1477 3680 1572 3724 will
1595 3681 1714 3724 send
1737 3692 2035 3731 messengers
2059 3685 2112 3724 to
2141 3681 2226 3724 the
2254 3691 2398 3733 camp
2421 3692 2475 3722 as

440 3752 488 3794 δ.
520 3749 697 3792 recta:
732 3760 797 3791 sc.
834 3749 927 3791 via.
994 3758 1025 3792 e
1058 3749 1278 3792 eastris:
1312 3759 1376 3790 on
1476 3759 1595 3791 soon
1619 3759 1673 3789 as
1694 3747 1756 3790 he
1778 3759 1871 3790 can
1893 3749 2000 3797 quit
2026 3748 2110 3790 the
2133 3752 2289 3791 court.
2339 3749 2409 3791 Cf.
2428 3750 2472 3791 9.

350 3815 580 3868 ‚Algidus
622 3817 716 3864 (44.
758 3816 822 3864 2),
864 3813 997 3858 som'e
1034 3816 1199 3858 fifteen
1237 3814 1376 3858 miles
1537 3816 1588 3858 8.
1621 3815 1848 3858 temne:
1882 3825 1947 3857 sc.
1982 3814 2038 3857 in
2070 3814 2316 3859 tribunali.
