2925 4375
452 244 548 297 xli.
594 242 641 308 1]
1341 242 1579 296 LIBER
1616 242 1643 293 1
2412 274 2415 277 -
2475 243 2544 295 57

451 425 618 487 Cum
696 442 1036 486 commune
1113 422 1393 485 Romani
1472 422 1769 498 nominiS,
1848 428 1993 484 tum
2070 420 2411 499 praecipue
2477 420 2543 481 id

453 524 688 587 domus
723 542 878 585 suae
915 521 1194 583 dedecus
1230 522 1386 597 fore,
1425 522 1481 583 si
1518 522 1681 583 Anci
1716 522 1881 600 regis
1918 521 2086 583 virili
2124 521 2325 599 stirpe
2360 520 2544 583 salva

453 644 587 687 non
651 621 843 685 modo
908 620 1194 697 adveniS,
1259 621 1370 683 sed
1433 622 1637 683 servis
1697 622 1898 684 etiam
1961 640 2229 699 regnum
2295 621 2544 683 Romae

454 729 759 802 pateret.·
819 723 1011 784 Ferro
1054 721 1252 799 igitur
1291 741 1439 784 eam
1477 741 1691 785 arcere
1721 722 2182 784 contumeliam
2214 726 2539 783 statuunt.

455 822 581 886 Sed
625 829 692 884 et
733 820 1002 883 iniuriae
1045 820 1228 883 dolor
1269 822 1337 883 in
1379 822 1807 903 Tarquinium
1849 822 2065 901 ipsum
2104 821 2307 900 magis
2343 840 2543 901 quam

453 923 523 985 in
577 922 871 985 Servium
923 940 1033 984 eos
1084 922 1489 998 stimulabat,
1543 928 1611 984 et
1664 922 1819 1003 quia
1870 922 2128 1001 gravior
2177 920 2353 983 ultor
2404 940 2545 983 cae-

455 1023 576 1098 dis,
621 1022 676 1083 si
717 1027 1099 1099 superesset,
1145 1042 1260 1083 rex
1302 1021 1564 1084 futurus
1606 1028 1992 1107 erat-quam
2035 1020 2353 1101 privatus,
2399 1028 2543 1084 tum

456 1122 679 1185 Servio
737 1122 944 1185 occiso
1003 1140 1480 1203 quemcumque
1538 1122 1738 1185 alium
1796 1140 2123 1202 generum,
2183 1120 2541 1199 delegisset,

453 1221 734 1283 eundem
803 1221 980 1300 regni
1049 1221 1350 1283 heredem
1420 1222 1715 1289 facturus
1785 1222 2157 1299 videbatur;
2228 1221 2315 1283 ob
2384 1221 2543 1283 haec

453 1322 579 1401 ipsi
639 1321 772 1401 regi
833 1321 1100 1383 insidiae
1164 1329 1497 1400 parantur.
1608 1324 1711 1385 Ex
1753 1321 2124 1402 pastoribus
2187 1320 2317 1384 duo
2381 1320 2546 1383 fero-

455 1421 693 1482 cissimi
730 1420 963 1484 delecti
1003 1422 1084 1485 ad
1124 1422 1394 1498 facinUS,
1436 1422 1674 1503 quibus
1713 1422 2005 1485 consueti
2042 1428 2231 1485 erant
2267 1428 2544 1502 uterque

455 1522 817 1600 agrestibus
854 1522 1279 1599 ferramentiS,
1319 1522 1386 1584 in
1424 1521 1748 1585 vestibulo
1787 1522 1996 1601 regiae
2034 1542 2235 1603 quam
2272 1528 2543 1601 potuere

455 1620 1040 1685 tumultuosissime
1099 1622 1308 1702 specie
1367 1623 1546 1685 rixae
1603 1622 1671 1684 in
1730 1642 1799 1685 se
1857 1641 2083 1686 omnes
2142 1622 2545 1701 apparitores

454 1721 660 1801 regios
710 1728 1120 1785 convertunt.
1211 1723 1392 1800 Inde,
1429 1743 1577 1784 cum
1628 1723 1822 1786 ambo
1872 1742 2087 1801 regern
2137 1721 2543 1802 appellarent

456 1820 826 1901 clamorque
871 1842 1094 1885 eorum
1142 1822 1402 1901 penitus
1448 1823 1517 1884 in
1564 1823 1807 1902 regiam
1854 1822 2275 1904 pervenisset,
2325 1821 2546 1885 vocati

455 1921 540 1983 ad
603 1941 817 2001 regem
880 1928 1177 2002 pergunt.
1267 1923 1485 1986 Primo
1548 1929 1824 2003 uterque
1879 1922 2218 1986 vociferari
2279 1929 2349 1986 et
2414 1941 2546 1982 cer-

458 2021 654 2084 tatim
700 2022 864 2084 alter
906 2022 1092 2085 alteri
1134 2022 1505 2101 obstrepere
1514 2043 1533 2105 3
1578 2022 1837 2085 coerciti
1882 2023 1965 2085 ab
2009 2022 2233 2099 lictore
2277 2029 2345 2085 et
2387 2020 2545 2083 iussi

457 2121 524 2183 in
584 2121 793 2184 vicem
852 2121 1061 2183 dicere
1121 2122 1389 2186 tandem
1446 2122 1712 2205 obloqui
1770 2122 2094 2186 desistunt
2104 2143 2121 2202 ;
2178 2140 2349 2184 unus
2408 2141 2544 2183 rem

454 2242 539 2284 ex
599 2223 960 2303 composito
1020 2223 1289 2286 orditur.
1395 2226 1573 2286 Dum
1613 2223 1907 2286 intentus
1966 2224 2034 2286 in
2093 2243 2243 2286 eum
2304 2243 2371 2285 se
2431 2242 2545 2284 rex

458 2328 640 2385 totus
690 2329 1035 2400 averteret,
1090 2322 1254 2386 alter
1302 2322 1545 2386 elatam
1596 2312 1869 2385 securim
1918 2323 1987 2385 in
2039 2330 2238 2402 caput
2288 2323 2542 2398 deiecit,

458 2421 811 2502 relictoque
849 2421 918 2484 in
959 2422 1223 2484 vulnere
1263 2422 1393 2487 telo
1436 2423 1630 2487 ambo
1670 2443 1738 2485 se
1779 2424 1953 2487 foras
1992 2423 2253 2488 eiciunt.

581 2523 758 2585 XLI.
806 2522 1234 2604 Tarquinium
1269 2523 1731 2587 moribundum
1768 2543 1937 2601 cum,
1976 2524 2088 2606 qui
2126 2524 2293 2586 circa
2334 2531 2542 2599 erant,

457 2622 881 2701 excepissent,
979 2623 1120 2687 illos
1218 2623 1538 2707 fugientes
1633 2623 1889 2686 lictores
1987 2624 2541 2703 conprehendunt.

456 2721 716 2786 Clamor
768 2723 920 2785 inde
979 2743 1453 2804 concursusque
1510 2723 1733 2803 populi
1790 2723 2192 2801 mirantium,
2236 2724 2395 2806 quid
2454 2723 2545 2784 rei

457 2828 645 2884 esset.
733 2822 1053 2904 Tanaquil
1114 2823 1284 2885 inter
1342 2822 1703 2885 tumultum
1766 2823 1979 2886 claudi
2038 2823 2280 2903 regiam
2338 2823 2543 2898 iubet,

377 3004 382 3008 .
458 2921 737 2985 arbitros
771 2923 940 2985 eicit.
1037 2923 1240 2986 Simul
1293 2943 1459 3003 quae
1513 2923 1799 2986 curando
1852 2923 2103 2986 vulneri
2154 2943 2317 3002 opus
2367 2931 2542 2997 sunt,

456 3027 800 3102 tamquam
871 3029 1041 3103 spes·
1091 3023 1404 3099 subesset,
1479 3023 1701 3086 sedulo
1777 3031 2136 3104 comparat,
2211 3023 2425 3099 simul,
2493 3023 2545 3083 si

2474 3236 2548 3246 ⁸—

457 3291 588 3335 male
675 3293 1000 3336 descendants
1089 3293 1189 3336 still
1277 3293 1453 3337 alive.”
1618 3291 1750 3336 XLI.
1788 3294 1835 3335 1.
1869 3293 2298 3338 moribundum:
2343 3306 2421 3339 see
2467 3296 2548 3337 In-

457 3359 700 3410 pateret:
725 3359 826 3402 “be
849 3360 1142 3404 available.”
1556 3361 1682 3403 trod.
1710 3361 1766 3405 V.
1794 3365 1835 3405 2.
1857 3375 1895 3405 e.
1963 3361 2323 3405 mirantium:
2357 3373 2387 3404 a
2408 3373 2547 3405 sense

413 3477 417 3482 .
521 3427 572 3468 4.
608 3428 732 3472 Sedz
750 3428 1062 3471 adversative
1080 3431 1134 3470 to
1153 3427 1456 3470 theobvious
1555 3431 1832 3477 agreement
1855 3427 1976 3469 with
1996 3427 2177 3478 populi.
2244 3437 2388 3478 quae
2424 3458 2440 3472 .
2478 3459 2491 3472 .
2533 3458 2547 3472 .

459 3493 672 3544 thought
721 3495 832 3538 that
882 3495 1002 3546 they
1049 3495 1212 3538 would
1258 3505 1456 3537 remove
1555 3501 1694 3544 opus
1717 3494 1878 3537 sunt:
1900 3493 2022 3536 with
2036 3505 2157 3544 opus
2172 3505 2225 3536 as
2247 3505 2277 3536 3
2299 3496 2549 3546 predicate

460 3561 672 3605 Servius.
1556 3561 1641 3603 the
1686 3560 1829 3611 thing
1870 3561 2055 3604 needed
2098 3563 2139 3604 is
2170 3563 2222 3604 in
2278 3562 2363 3605 the
2414 3574 2545 3606 nom.

524 3631 572 3672 8.
607 3628 834 3679 quibus:
899 3645 942 3662 =
1004 3627 1072 3672 iic
1143 3627 1452 3690 ferramentis,
1554 3628 1745 3671 instead
1810 3629 1862 3670 ot
1926 3629 2011 3671 the
2073 3628 2171 3672 abl.
2270 3629 2547 3673 subessetz

459 3695 630 3746 quibus
659 3695 823 3746 (dat.).
1556 3695 1766 3738 “lurked
1795 3696 1846 3737 in
1880 3695 1968 3738 her
1994 3695 2183 3738 mind.”
2247 3697 2548 3747 praesidia:

524 3767 572 3809 ¹1.
608 3764 748 3806 dum
799 3793 813 3806 .
864 3793 879 3808 .
931 3793 946 3808 .
993 3764 1292 3806 averteret:
1327 3764 1456 3805 after
1554 3763 1585 3805 i.
1602 3774 1643 3805 e.
1688 3773 1857 3830 means
1899 3763 1951 3804 ot
1992 3762 2189 3805 defense
2230 3763 2307 3805 for
2348 3764 2551 3815 holding

461 3829 546 3873 the
565 3830 775 3881 analogy
796 3831 847 3872 ot
865 3842 895 3873 a
913 3842 1020 3873 cum
1042 3831 1220 3876 clause.
1556 3830 1641 3873 the
1673 3839 1836 3881 power
1864 3829 2038 3873 within
2071 3830 2156 3873 the
2182 3831 2370 3882 family.
