2925 4375
601 292 702 348 150
1513 286 1578 347 T.
1615 286 1776 343 LIVI
2543 287 2617 357 [x.
2655 293 2681 347 l

536 489 560 530 1
722 476 808 539 X.
858 474 1065 537 Movit
1109 480 1328 553 patres
1372 474 1771 552 conscriptos
1815 493 1964 534 cum
2009 494 2206 536 causa
2249 481 2397 537 tum
2441 483 2681 553 auctor,

599 596 714 639 nec
765 581 1011 637 ceteros
1058 573 1289 649 solum,
1339 572 1452 635 sed
1505 573 1801 635 tribunos
1847 573 2049 635 etiam
2099 573 2329 653 plebei,
2383 582 2459 637 ut
2507 597 2574 638 se
2620 577 2684 638 in

533 690 564 731 2
596 682 863 739 senatus
933 674 1222 735 dicerent
1293 672 1429 735 fore
1501 678 1848 752 potestate.
1941 673 2329 751 Magistratu
2400 675 2553 739 inde
2622 696 2718 747 se,

597 774 928 854 extemplo
970 773 1460 847 abdicaverunt,
1505 772 1861 852 traditique
1901 772 2231 838 fetialibus
2272 796 2420 837 cum
2463 777 2690 840 ceteris

598 876 917 939 Caudium
945 873 1242 936 ducendi.
1314 873 1457 935 Hoc
1494 878 1760 935 senatus
1797 873 2093 936 consulto
2131 874 2307 937 facto
2344 875 2460 938 lux
2496 898 2690 957 quae-

534 990 565 1032 3
597 975 752 1038 dam
794 974 1131 1037 adfulsisse
1172 972 1427 1035 civitati
1469 973 1610 1034 visa
1647 978 1766 1034 est.
1854 973 2228 1037 Postumius
2268 974 2336 1036 in
2375 996 2487 1038 ore
2526 984 2688 1053 erat,
2735 976 2739 984 ’

596 1095 747 1137 eum
803 1074 1103 1136 laudibus
1161 1072 1243 1135 ad
1300 1071 1551 1135 caelum
1607 1071 1926 1148 ferebant,
1984 1073 2318 1137 devotioni
2374 1076 2446 1136 P.
2509 1077 2691 1139 Decii

534 1191 565 1231 4
599 1173 895 1249 consulis,
956 1174 1093 1236 aliis
1151 1172 1335 1235 claris
1391 1172 1786 1235 facinoribus
1843 1174 2244 1252 aequabant:
2354 1178 2689 1239 emersisse

598 1275 937 1338 civitatem
973 1294 1055 1336 ex
1090 1272 1375 1335 obnoxia
1410 1291 1570 1351 pace
1607 1270 1776 1334 illius
1813 1271 2075 1335 consilio
2111 1280 2179 1335 et
2215 1294 2412 1353 opera
2421 1296 2438 1352 3
2477 1275 2692 1355 ipsum

597 1395 664 1438 se
724 1373 1119 1438 cruciatibus
1176 1379 1244 1434 et
1305 1372 1592 1434 hostium
1651 1370 1783 1433 irae
1842 1372 2070 1435 offerre
2128 1373 2516 1454 piaculaque
2577 1396 2692 1455 pro

533 1492 563 1533 5
597 1473 839 1556 populo
883 1475 1182 1535 Romano
1224 1472 1396 1534 dare.
1470 1470 1670 1533 Arma
1711 1472 1929 1533 cuncti
1969 1479 2272 1551 spectant
2311 1481 2380 1536 et
2420 1473 2690 1537 bellum:

596 1595 679 1637 en
718 1594 1032 1653 umquam
1074 1571 1391 1647 futurum,
1434 1577 1512 1633 ut
1553 1570 1855 1649 congredi
1897 1573 2166 1635 armatis
2206 1594 2355 1637 cum
2397 1574 2692 1637 Samnite

598 1674 826 1737 liceat?
1625 1744 1628 1747 ⁴

532 1794 562 1835 6
724 1774 804 1835 In
834 1772 1102 1835 civitate
1132 1772 1227 1834 ira
1254 1771 1535 1851 odioque
1566 1771 1834 1833 ardente
1864 1772 2138 1835 dilectus
2166 1794 2368 1854 prope
2397 1776 2693 1838 omnium

599 1873 1115 1936 voluntariorum
1158 1872 1303 1934 fuit.
1402 1872 1782 1950 Rescriptae
1833 1892 1915 1934 ex
1965 1872 2194 1935 eodem
2239 1873 2444 1935 milite
2481 1895 2692 1937 novae

534 1995 562 2037 7
599 1974 894 2052 legiones,
954 1971 1319 2051 ductusque
1377 1970 1459 2033 ad
1517 1970 1837 2033 Caudium
1885 1972 2225 2035 exercitus
2329 1973 2693 2052 Praegressi

599 2072 849 2135 fetiales
913 2071 1025 2133 ubi
1091 2071 1172 2133 ad
1237 2077 1499 2151 portam
1563 2091 1814 2147 venere,
1882 2079 2132 2135 vestem
2195 2072 2452 2135 detrahi
2515 2075 2694 2155 pacis

600 2172 1018 2254 sponsoribus
1075 2171 1322 2247 iubent,
1367 2192 1616 2234 ,manus
1673 2178 1823 2251 post
1880 2177 2135 2252 tergum
2179 2173 2427 2255 vinciri,
2529 2175 2694 2238 Cum

601 2273 933 2354 apparitor
987 2270 1377 2334 verecundia
1429 2272 1790 2334 maiestatis
1844 2272 2141 2335 Postumi
2194 2273 2336 2337 laxe
2390 2274 2692 2338 vinciret:

600 2373 789 2454 ‘quin
832 2372 935 2434 tu'
983 2371 1198 2452 inquit
1244 2371 1546 2434 ‘adducis
1591 2370 1819 2447 lorum,
1869 2379 1944 2434 ut
1988 2373 2164 2436 iusta
2208 2374 2323 2436 fiat
2369 2373 2685 2437 deditio?'

533 2496 563 2537 8
596 2475 765 2536 Tum
815 2472 927 2534 ubi
976 2472 1045 2533 in
1095 2478 1352 2534 coetum
1390 2470 1785 2534 Samnitium
1833 2478 1901 2534 et
1953 2471 2035 2535 ad
2087 2473 2373 2535 tribunal
2415 2481 2692 2537 ventum

599 2573 815 2636 Pontii
861 2579 979 2648 est,
1033 2571 1107 2632 A.
1159 2570 1490 2634 Cornelius
1540 2571 1786 2632 Arvina
1832 2571 2070 2635 fetialis
2117 2572 2213 2636 ita
2259 2573 2460 2636 verba
2507 2573 2691 2638 fecit:

533 2697 563 2738 9
600 2672 1023 2752 ‘quandoque
1066 2671 1238 2734 hisce
1283 2671 1576 2733 homines
1619 2670 1867 2734 iniussu
1910 2672 2135 2752 populi
2180 2673 2463 2736 Romani
2507 2673 2696 2751 Quir-

600 2773 791 2836 itium
860 2772 1089 2835 foedus
1156 2772 1361 2834 ictum
1428 2771 1506 2833 iri
1572 2771 2063 2850 spoponderunt
2131 2780 2330 2853 atque
2396 2774 2483 2837 ob
2549 2794 2696 2837 eam

670 2961 744 3015 X.
822 2961 931 3012 The
964 2961 1201 3012 tribunes
1235 2961 1291 3026 of
1312 2959 1408 3011 the
1442 2960 1599 3012 Com-
1702 2960 1742 3001 1·
1773 2961 1849 3002 59.
1881 2962 1926 3002 4.
2186 3017 2190 3022 ,

598 3045 767 3092 mons,
792 3028 1092 3080 themselves
1114 3044 1308 3092 amony
1329 3027 1412 3078 the
1433 3043 1600 3092 spon-
1759 3028 1809 3068 2.
1843 3027 2272 3072 abdicaverunt:
2331 3029 2417 3072 the
2476 3031 2700 3074 tribunes

599 3113 746 3148 sores
794 3096 903 3146 and
950 3094 1270 3172 apparently
1317 3093 1502 3144 elected
1548 3099 1600 3144 to
1697 3105 1823 3136 were
1849 3095 1968 3136 then
1995 3097 2083 3137 not
2111 3098 2396 3139 sacrosancti
2429 3099 2492 3146 (2.
2523 3100 2598 3141 33.
2632 3099 2696 3150 1),

599 3163 682 3214 the
707 3161 1042 3227 tribuneship
1070 3161 1239 3226 before
1266 3177 1407 3212 news
1435 3161 1491 3226 os
1518 3159 1601 3211 the
1698 3162 1796 3203 and
1827 3162 2069 3204 therefore
2097 3162 2242 3205 could
2272 3165 2334 3206 be
2361 3165 2698 3211 surrendered.

599 3230 823 3281 disaster
870 3228 975 3279 had
1020 3228 1238 3279 reached
1284 3227 1464 3291 Rome,
1515 3227 1601 3278 ob-
1762 3230 1810 3271 8.
1843 3229 1907 3271 ln
1952 3237 2067 3272 ore:
2114 3241 2180 3273 sc.
2227 3233 2458 3275 omnium.
2537 3234 2701 3277 devo-

598 3296 759 3362 jected
799 3301 849 3346 to
888 3295 1177 3359 annullinq
1216 3293 1299 3345 the
1338 3300 1458 3360 pact
1499 3310 1601 3344 un-
1699 3297 1860 3346 tiom,
1897 3296 2266 3340 facinoribus:
2309 3299 2582 3343 shorthand
2617 3313 2700 3344 ex-

600 3363 701 3414 less
732 3362 815 3414 the
846 3379 1000 3427 army
1032 3362 1220 3413 should
1253 3361 1311 3412 be
1342 3367 1439 3427 put
1473 3360 1600 3412 back
1699 3367 1942 3416 pressions
1967 3364 2310 3416 (brachylogy)
2331 3366 2407 3408 for
2427 3366 2570 3410 those
2587 3369 2700 3411 who

599 3429 662 3482 in
715 3429 797 3481 the
849 3430 1083 3496 position
1137 3428 1342 3479 whence
1394 3429 1437 3479 it
1491 3443 1600 3478 was
1699 3433 1795 3475 had
1824 3433 1951 3475 done
1977 3432 2115 3475 these
2141 3433 2320 3484 things.

599 3497 813 3548 rescued
866 3496 933 3562 by
984 3495 1067 3547 the
1118 3496 1358 3562 sponsiO.
1456 3494 1602 3559 They
1763 3505 1810 3545 5.
1844 3502 2135 3545 futurum:
2185 3511 2252 3544 sc.
2301 3511 2414 3544 esse.
2496 3501 2587 3546 See
2634 3513 2702 3546 on

601 3563 825 3615 claimed
856 3562 1103 3629 personal
1135 3578 1279 3614 exem
1319 3563 1433 3613 tion
1462 3562 1602 3627 from
1699 3573 1744 3614 3.
1775 3573 1852 3615 47.
1885 3574 1928 3614 2.

602 3631 882 3681 surrender
916 3630 1131 3681 because
1164 3630 1219 3694 of
1253 3633 1272 3679 t
1349 3629 1387 3678 'r
1420 3628 1602 3679 sacred
1763 3641 1812 3682 e.
1846 3638 2188 3689 Rosci-imae:
2215 3638 2596 3682 “re-enrolled.''

602 3697 865 3748 character
896 3695 963 3761 by
991 3697 1161 3746 virtue
1191 3695 1247 3761 of
1276 3694 1411 3746 their
1440 3695 1598 3760 office.
1763 3710 1813 3751 7.
1846 3707 1988 3759 qum
2022 3736 2035 3750 .
2071 3736 2084 3750 .
2120 3737 2133 3750 .
2164 3706 2419 3750 adducis:
2449 3706 2702 3757 emphatic

604 3763 916 3814 Postumius
973 3761 1206 3812 renewed
1264 3761 1349 3813 his
1407 3761 1602 3826 uryiny
1700 3774 1776 3817 tor
1804 3775 1971 3817 adduc.

604 3828 729 3880 with
756 3829 885 3893 qood
914 3827 1075 3892 effect.
1762 3843 1812 3884 9.
1847 3841 2210 3893 quandoque:
2236 3841 2429 3884 archaic
2453 3842 2529 3883 for
2552 3851 2704 3892 ‹marv-

668 3911 716 3952 1.
750 3909 953 3954 Movit:
989 3919 1052 3949 on
1077 3909 1160 3950 the
1183 3909 1409 3960 position,
1436 3919 1516 3951 see
1537 3919 1602 3950 on
1699 3909 1759 3951 do
1787 3908 1988 3958 quidem.
2051 3907 2141 3951 See
2161 3919 2226 3950 on
2255 3909 2294 3951 1.
2322 3909 2394 3951 16.
2419 3909 2464 3951 3.
2527 3907 2704 3952 hisco:
