<?xml version="1.0" encoding="UTF-8"?>
<!DOCTYPE html PUBLIC "-//W3C//DTD XHTML 1.0 Transitional//EN"
    "http://www.w3.org/TR/xhtml1/DTD/xhtml1-transitional.dtd">
<html xmlns="http://www.w3.org/1999/xhtml" xml:lang="en" lang="en">
 <head>
  <title>
</title>
<meta http-equiv="Content-Type" content="text/html;charset=utf-8" />
  <meta name='ocr-system' content='tesseract 3.04.00' />
  <meta name='ocr-capabilities' content='ocr_page ocr_carea ocr_par ocr_line ocrx_word'/>
</head>
<body>
  <div class='ocr_page' id='page_1' title='image "./livyselectionsf01longgoog_0067.png"; bbox 0 0 2925 4375; ppageno 0'>
   <div class='ocr_carea' id='block_1_1' title="bbox 308 420 333 460">
    <p class='ocr_par' dir='ltr' id='par_1_1' title="bbox 308 420 333 460">
     <span class='ocr_line' id='line_1_1' title="bbox 308 420 333 460; baseline 0 0"><span class='ocrx_word' id='word_1_1' title='bbox 308 420 333 460; x_wconf 88' lang='lat'>1</span> 
     </span>
    </p>
   </div>
   <div class='ocr_carea' id='block_1_2' title="bbox 375 224 2471 289">
    <p class='ocr_par' dir='ltr' id='par_1_2' title="bbox 375 224 2471 289">
     <span class='ocr_line' id='line_1_2' title="bbox 375 224 2471 289; baseline -0.002 -12"><span class='ocrx_word' id='word_1_2' title='bbox 375 225 551 279; x_wconf 84' lang='lat' dir='ltr'><strong>xlviii.</strong></span> <span class='ocrx_word' id='word_1_3' title='bbox 593 225 644 289; x_wconf 88' lang='lat'><strong>6]</strong></span> <span class='ocrx_word' id='word_1_4' title='bbox 1005 238 1013 245; x_wconf 88' lang='lat'><strong>·</strong></span> <span class='ocrx_word' id='word_1_5' title='bbox 1279 224 1515 277; x_wconf 90' lang='lat' dir='ltr'>LIBER</span> <span class='ocrx_word' id='word_1_6' title='bbox 1551 224 1579 275; x_wconf 96' lang='grc' dir='ltr'>Ι</span> <span class='ocrx_word' id='word_1_7' title='bbox 2402 233 2471 283; x_wconf 85' lang='grc'><strong>63</strong></span> 
     </span>
    </p>
   </div>
   <div class='ocr_carea' id='block_1_3' title="bbox 376 404 2473 2085">
    <p class='ocr_par' dir='ltr' id='par_1_3' title="bbox 376 404 2473 2085">
     <span class='ocr_line' id='line_1_3' title="bbox 503 404 2467 472; baseline 0.003 -5"><span class='ocrx_word' id='word_1_8' title='bbox 503 406 812 467; x_wconf 94' lang='lat' dir='ltr'><strong>XLVIII.</strong></span> <span class='ocrx_word' id='word_1_9' title='bbox 863 404 1032 467; x_wconf 92' lang='lat' dir='ltr'><strong>Huic</strong></span> <span class='ocrx_word' id='word_1_10' title='bbox 1098 404 1375 468; x_wconf 88' lang='lat' dir='ltr'><strong>orationi</strong></span> <span class='ocrx_word' id='word_1_11' title='bbox 1458 404 1717 470; x_wconf 86' lang='lat' dir='ltr'><strong>Servius</strong></span> <span class='ocrx_word' id='word_1_12' title='bbox 1783 425 1931 468; x_wconf 91' lang='lat' dir='ltr'><strong>cum</strong></span> <span class='ocrx_word' id='word_1_13' title='bbox 2009 406 2467 472; x_wconf 89' lang='lat' dir='ltr'><strong>intervenisset</strong></span> 
     </span>
     <span class='ocr_line' id='line_1_4' title="bbox 376 505 2469 585; baseline -0.001 -14"><span class='ocrx_word' id='word_1_14' title='bbox 376 505 634 585; x_wconf 91' lang='lat' dir='ltr'><strong>trepido</strong></span> <span class='ocrx_word' id='word_1_15' title='bbox 676 505 906 567; x_wconf 91' lang='lat' dir='ltr'><strong>nuntio</strong></span> <span class='ocrx_word' id='word_1_16' title='bbox 967 505 1310 581; x_wconf 87' lang='lat' dir='ltr'><strong>excitatus,</strong></span> <span class='ocrx_word' id='word_1_17' title='bbox 1375 505 1705 584; x_wconf 84' lang='lat' dir='ltr'><strong>extemplo</strong></span> <span class='ocrx_word' id='word_1_18' title='bbox 1769 526 1807 567; x_wconf 90' lang='lat' dir='ltr'><strong>a</strong></span> <span class='ocrx_word' id='word_1_19' title='bbox 1868 506 2191 569; x_wconf 90' lang='lat' dir='ltr'><strong>vestibulo</strong></span> <span class='ocrx_word' id='word_1_20' title='bbox 2256 508 2469 570; x_wconf 91' lang='lat' dir='ltr'><strong>curiae</strong></span> 
     </span>
     <span class='ocr_line' id='line_1_5' title="bbox 377 604 2467 686; baseline -0 -17"><span class='ocrx_word' id='word_1_21' title='bbox 377 626 618 685; x_wconf 88' lang='lat' dir='ltr'><strong>magna</strong></span> <span class='ocrx_word' id='word_1_22' title='bbox 649 624 808 667; x_wconf 90' lang='lat' dir='ltr'><strong>voce</strong></span> <span class='ocrx_word' id='word_1_23' title='bbox 843 604 1029 685; x_wconf 89' lang='lat' dir='ltr'><strong>‘quid</strong></span> <span class='ocrx_word' id='word_1_24' title='bbox 1064 604 1214 666; x_wconf 85' lang='lat' dir='ltr'><strong>hoc&#39;</strong></span> <span class='ocrx_word' id='word_1_25' title='bbox 1250 604 1485 684; x_wconf 79' lang='lat' dir='ltr'><strong>inquit,</strong></span> <span class='ocrx_word' id='word_1_26' title='bbox 1525 604 1885 685; x_wconf 85' lang='lat' dir='ltr'><strong>‘Tarquini,</strong></span> <span class='ocrx_word' id='word_1_27' title='bbox 1922 606 2013 667; x_wconf 92' lang='lat' dir='ltr'><strong>rei</strong></span> <span class='ocrx_word' id='word_1_28' title='bbox 2044 610 2183 669; x_wconf 84' lang='lat' dir='ltr'><strong>est?</strong></span> <span class='ocrx_word' id='word_1_29' title='bbox 2228 627 2359 686; x_wconf 91' lang='lat' dir='ltr'><strong>qua</strong></span> <span class='ocrx_word' id='word_1_30' title='bbox 2392 614 2467 670; x_wconf 92' lang='lat' dir='ltr'><strong>tu</strong></span> 
     </span>
     <span class='ocr_line' id='line_1_6' title="bbox 378 704 2467 784; baseline -0 -15"><span class='ocrx_word' id='word_1_31' title='bbox 378 706 654 783; x_wconf 87' lang='lat' dir='ltr'><strong>audacia</strong></span> <span class='ocrx_word' id='word_1_32' title='bbox 709 725 812 767; x_wconf 90' lang='lat' dir='ltr'><strong>me</strong></span> <span class='ocrx_word' id='word_1_33' title='bbox 869 704 1022 766; x_wconf 89' lang='lat' dir='ltr'><strong>vivo</strong></span> <span class='ocrx_word' id='word_1_34' title='bbox 1079 723 1310 766; x_wconf 90' lang='lat' dir='ltr'><strong>vocare</strong></span> <span class='ocrx_word' id='word_1_35' title='bbox 1368 724 1564 767; x_wconf 89' lang='lat' dir='ltr'><strong>ausus</strong></span> <span class='ocrx_word' id='word_1_36' title='bbox 1619 724 1687 768; x_wconf 93' lang='lat' dir='ltr'><strong>es</strong></span> <span class='ocrx_word' id='word_1_37' title='bbox 1742 711 1963 784; x_wconf 90' lang='lat' dir='ltr'><strong>patres</strong></span> <span class='ocrx_word' id='word_1_38' title='bbox 2020 712 2138 769; x_wconf 89' lang='lat' dir='ltr'><strong>aut</strong></span> <span class='ocrx_word' id='word_1_39' title='bbox 2194 705 2263 767; x_wconf 91' lang='lat' dir='ltr'><strong>in</strong></span> <span class='ocrx_word' id='word_1_40' title='bbox 2318 706 2467 769; x_wconf 93' lang='lat' dir='ltr'><strong>sede</strong></span> 
     </span>
     <span class='ocr_line' id='line_1_7' title="bbox 376 803 2471 885; baseline 0.001 -17"><span class='ocrx_word' id='word_1_41' title='bbox 376 806 706 870; x_wconf 90' lang='lat' dir='ltr'><strong>considere</strong></span> <span class='ocrx_word' id='word_1_42' title='bbox 747 804 957 867; x_wconf 82' lang='lat' dir='ltr'><strong>mea?&#39;</strong></span> <span class='ocrx_word' id='word_1_43' title='bbox 1053 804 1216 867; x_wconf 86' lang='lat' dir='ltr'><strong>Cum</strong></span> <span class='ocrx_word' id='word_1_44' title='bbox 1268 803 1371 865; x_wconf 92' lang='lat' dir='ltr'><strong>ille</strong></span> <span class='ocrx_word' id='word_1_45' title='bbox 1424 803 1723 867; x_wconf 84' lang='lat' dir='ltr'><strong>ferociter</strong></span> <span class='ocrx_word' id='word_1_46' title='bbox 1774 804 1857 865; x_wconf 92' lang='lat' dir='ltr'><strong>ad</strong></span> <span class='ocrx_word' id='word_1_47' title='bbox 1910 805 2090 882; x_wconf 88' lang='lat' dir='ltr'><strong>haec,</strong></span> <span class='ocrx_word' id='word_1_48' title='bbox 2144 825 2211 870; x_wconf 91' lang='lat' dir='ltr'><strong>se</strong></span> <span class='ocrx_word' id='word_1_49' title='bbox 2264 806 2471 885; x_wconf 88' lang='lat' dir='ltr'><strong>patris</strong></span> 
     </span>
     <span class='ocr_line' id='line_1_8' title="bbox 377 903 2469 985; baseline -0 -18"><span class='ocrx_word' id='word_1_50' title='bbox 377 906 477 967; x_wconf 91' lang='lat' dir='ltr'><strong>sui</strong></span> <span class='ocrx_word' id='word_1_51' title='bbox 526 912 744 968; x_wconf 89' lang='lat' dir='ltr'><strong>tenere</strong></span> <span class='ocrx_word' id='word_1_52' title='bbox 791 905 1029 981; x_wconf 90' lang='lat' dir='ltr'><strong>sedem,</strong></span> <span class='ocrx_word' id='word_1_53' title='bbox 1083 903 1288 966; x_wconf 92' lang='lat' dir='ltr'><strong>multo</strong></span> <span class='ocrx_word' id='word_1_54' title='bbox 1339 924 1539 985; x_wconf 90' lang='lat' dir='ltr'><strong>quam</strong></span> <span class='ocrx_word' id='word_1_55' title='bbox 1586 924 1847 965; x_wconf 87' lang='lat' dir='ltr'><strong>servum</strong></span> <span class='ocrx_word' id='word_1_56' title='bbox 1895 906 2217 984; x_wconf 92' lang='lat' dir='ltr'><strong>potiorem</strong></span> <span class='ocrx_word' id='word_1_57' title='bbox 2264 906 2469 967; x_wconf 88' lang='lat' dir='ltr'><strong>filium</strong></span> 
     </span>
     <span class='ocr_line' id='line_1_9' title="bbox 377 1004 2472 1085; baseline -0.001 -17"><span class='ocrx_word' id='word_1_58' title='bbox 377 1006 544 1085; x_wconf 89' lang='lat' dir='ltr'><strong>regis</strong></span> <span class='ocrx_word' id='word_1_59' title='bbox 592 1006 769 1085; x_wconf 87' lang='lat' dir='ltr'><strong>regni</strong></span> <span class='ocrx_word' id='word_1_60' title='bbox 819 1004 1142 1082; x_wconf 83' lang='lat' dir='ltr'><strong>heredem,</strong></span> <span class='ocrx_word' id='word_1_61' title='bbox 1195 1004 1354 1066; x_wconf 89' lang='lat' dir='ltr'><strong>satis</strong></span> <span class='ocrx_word' id='word_1_62' title='bbox 1402 1004 1583 1065; x_wconf 91' lang='lat' dir='ltr'><strong>illum</strong></span> <span class='ocrx_word' id='word_1_63' title='bbox 1635 1004 1745 1065; x_wconf 91' lang='lat' dir='ltr'><strong>diu</strong></span> <span class='ocrx_word' id='word_1_64' title='bbox 1797 1024 1913 1084; x_wconf 90' lang='lat' dir='ltr'><strong>per</strong></span> <span class='ocrx_word' id='word_1_65' title='bbox 1961 1004 2289 1068; x_wconf 75' lang='lat' dir='ltr'><strong>licentiam</strong></span> <span class='ocrx_word' id='word_1_66' title='bbox 2338 1005 2472 1067; x_wconf 89' lang='lat' dir='ltr'><strong>elu-</strong></span> 
     </span>
     <span class='ocr_line' id='line_1_10' title="bbox 377 1103 2472 1186; baseline 0 -18"><span class='ocrx_word' id='word_1_67' title='bbox 377 1107 643 1168; x_wconf 77' lang='lat' dir='ltr'><strong>dentem</strong></span> <span class='ocrx_word' id='word_1_68' title='bbox 692 1104 1036 1167; x_wconf 89' lang='lat' dir='ltr'><strong>insultasse</strong></span> <span class='ocrx_word' id='word_1_69' title='bbox 1087 1104 1385 1180; x_wconf 81' lang='lat' dir='ltr'><strong>dominiS‚</strong></span> <span class='ocrx_word' id='word_1_70' title='bbox 1439 1103 1682 1166; x_wconf 91' lang='lat' dir='ltr'><strong>clamor</strong></span> <span class='ocrx_word' id='word_1_71' title='bbox 1732 1105 1817 1166; x_wconf 91' lang='lat' dir='ltr'><strong>ab</strong></span> <span class='ocrx_word' id='word_1_72' title='bbox 1865 1106 2206 1186; x_wconf 89' lang='lat' dir='ltr'><strong>utriusque</strong></span> <span class='ocrx_word' id='word_1_73' title='bbox 2255 1105 2472 1168; x_wconf 88' lang='lat' dir='ltr'><strong>fauto-</strong></span> 
     </span>
     <span class='ocr_line' id='line_1_11' title="bbox 377 1202 2472 1285; baseline 0 -18"><span class='ocrx_word' id='word_1_74' title='bbox 377 1206 557 1267; x_wconf 84' lang='lat' dir='ltr'>ribus</span> <span class='ocrx_word' id='word_1_75' title='bbox 585 1205 810 1281; x_wconf 91' lang='lat' dir='ltr'><strong>oritur,</strong></span> <span class='ocrx_word' id='word_1_76' title='bbox 841 1211 910 1267; x_wconf 90' lang='lat' dir='ltr'><strong>et</strong></span> <span class='ocrx_word' id='word_1_77' title='bbox 941 1222 1288 1266; x_wconf 80' lang='lat' dir='ltr'><strong>concursus</strong></span> <span class='ocrx_word' id='word_1_78' title='bbox 1316 1202 1542 1282; x_wconf 90' lang='lat' dir='ltr'><strong>populi</strong></span> <span class='ocrx_word' id='word_1_79' title='bbox 1573 1204 1773 1266; x_wconf 87' lang='lat' dir='ltr'><strong>fiebat</strong></span> <span class='ocrx_word' id='word_1_80' title='bbox 1801 1204 1870 1265; x_wconf 94' lang='lat' dir='ltr'><strong>in</strong></span> <span class='ocrx_word' id='word_1_81' title='bbox 1900 1206 2166 1281; x_wconf 90' lang='lat' dir='ltr'><strong>curiam,</strong></span> <span class='ocrx_word' id='word_1_82' title='bbox 2200 1225 2472 1285; x_wconf 90' lang='lat' dir='ltr'><strong>appare—</strong></span> 
     </span>
     <span class='ocr_line' id='line_1_12' title="bbox 377 1303 2468 1385; baseline 0 -19"><span class='ocrx_word' id='word_1_83' title='bbox 377 1306 624 1385; x_wconf 92' lang='lat' dir='ltr'><strong>batque</strong></span> <span class='ocrx_word' id='word_1_84' title='bbox 704 1310 1146 1384; x_wconf 88' lang='lat' dir='ltr'><strong>regnaturum,</strong></span> <span class='ocrx_word' id='word_1_85' title='bbox 1230 1303 1342 1383; x_wconf 88' lang='lat' dir='ltr'><strong>qui</strong></span> <span class='ocrx_word' id='word_1_86' title='bbox 1425 1304 1703 1366; x_wconf 89' lang='lat' dir='ltr'><strong>vicisset.</strong></span> <span class='ocrx_word' id='word_1_87' title='bbox 1830 1306 1999 1366; x_wconf 90' lang='lat' dir='ltr'><strong>Tum</strong></span> <span class='ocrx_word' id='word_1_88' title='bbox 2057 1306 2468 1385; x_wconf 76' lang='lat' dir='ltr'><strong>TarquiniUS‚</strong></span> 
     </span>
     <span class='ocr_line' id='line_1_13' title="bbox 379 1402 2469 1483; baseline 0 -16"><span class='ocrx_word' id='word_1_89' title='bbox 379 1405 764 1467; x_wconf 74' lang='lat' dir='ltr'><strong>necessitate</strong></span> <span class='ocrx_word' id='word_1_90' title='bbox 800 1404 930 1466; x_wconf 91' lang='lat' dir='ltr'><strong>iam</strong></span> <span class='ocrx_word' id='word_1_91' title='bbox 967 1404 1170 1466; x_wconf 89' lang='lat' dir='ltr'><strong>etiam</strong></span> <span class='ocrx_word' id='word_1_92' title='bbox 1204 1402 1346 1483; x_wconf 90' lang='lat' dir='ltr'><strong>ipsa</strong></span> <span class='ocrx_word' id='word_1_93' title='bbox 1385 1410 1653 1481; x_wconf 87' lang='lat' dir='ltr'><strong>cogente</strong></span> <span class='ocrx_word' id='word_1_94' title='bbox 1690 1404 1925 1466; x_wconf 91' lang='lat' dir='ltr'><strong>ultima</strong></span> <span class='ocrx_word' id='word_1_95' title='bbox 1962 1404 2218 1480; x_wconf 87' lang='lat' dir='ltr'><strong>audere,</strong></span> <span class='ocrx_word' id='word_1_96' title='bbox 2260 1404 2469 1468; x_wconf 82' lang='lat' dir='ltr'><strong>multo</strong></span> 
     </span>
     <span class='ocr_line' id='line_1_14' title="bbox 377 1503 2468 1583; baseline -0.001 -16"><span class='ocrx_word' id='word_1_97' title='bbox 377 1511 445 1568; x_wconf 91' lang='lat' dir='ltr'><strong>et</strong></span> <span class='ocrx_word' id='word_1_98' title='bbox 499 1511 714 1567; x_wconf 87' lang='lat' dir='ltr'><strong>aetate</strong></span> <span class='ocrx_word' id='word_1_99' title='bbox 764 1510 832 1567; x_wconf 91' lang='lat' dir='ltr'><strong>et</strong></span> <span class='ocrx_word' id='word_1_100' title='bbox 884 1504 1131 1565; x_wconf 91' lang='lat' dir='ltr'><strong>viribus</strong></span> <span class='ocrx_word' id='word_1_101' title='bbox 1181 1503 1474 1580; x_wconf 88' lang='lat' dir='ltr'><strong>validior,</strong></span> <span class='ocrx_word' id='word_1_102' title='bbox 1530 1503 1819 1565; x_wconf 89' lang='lat' dir='ltr'><strong>medium</strong></span> <span class='ocrx_word' id='word_1_103' title='bbox 1870 1504 2097 1583; x_wconf 88' lang='lat' dir='ltr'><strong>arripit</strong></span> <span class='ocrx_word' id='word_1_104' title='bbox 2150 1504 2468 1581; x_wconf 86' lang='lat' dir='ltr'><strong>Servium,</strong></span> 
     </span>
     <span class='ocr_line' id='line_1_15' title="bbox 377 1602 2473 1684; baseline -0.001 -17"><span class='ocrx_word' id='word_1_105' title='bbox 377 1603 755 1684; x_wconf 90' lang='lat' dir='ltr'><strong>elatumque</strong></span> <span class='ocrx_word' id='word_1_106' title='bbox 820 1623 855 1664; x_wconf 94' lang='lat' dir='ltr'><strong>e</strong></span> <span class='ocrx_word' id='word_1_107' title='bbox 923 1604 1098 1665; x_wconf 88' lang='lat' dir='ltr'><strong>curia</strong></span> <span class='ocrx_word' id='word_1_108' title='bbox 1163 1602 1231 1664; x_wconf 89' lang='lat' dir='ltr'><strong>in</strong></span> <span class='ocrx_word' id='word_1_109' title='bbox 1295 1602 1666 1664; x_wconf 85' lang='lat' dir='ltr'><strong>inferiorem</strong></span> <span class='ocrx_word' id='word_1_110' title='bbox 1731 1609 1987 1682; x_wconf 91' lang='lat' dir='ltr'><strong>partem</strong></span> <span class='ocrx_word' id='word_1_111' title='bbox 2054 1623 2170 1684; x_wconf 92' lang='lat' dir='ltr'><strong>per</strong></span> <span class='ocrx_word' id='word_1_112' title='bbox 2235 1604 2473 1683; x_wconf 88' lang='lat' dir='ltr'><strong>gradus</strong></span> 
     </span>
     <span class='ocr_line' id='line_1_16' title="bbox 379 1702 2472 1783; baseline 0.001 -18"><span class='ocrx_word' id='word_1_113' title='bbox 379 1704 601 1781; x_wconf 88' lang='lat' dir='ltr'><strong>deicit,·</strong></span> <span class='ocrx_word' id='word_1_114' title='bbox 642 1703 794 1767; x_wconf 90' lang='lat' dir='ltr'><strong>inde</strong></span> <span class='ocrx_word' id='word_1_115' title='bbox 838 1704 922 1767; x_wconf 91' lang='lat' dir='ltr'><strong>ad</strong></span> <span class='ocrx_word' id='word_1_116' title='bbox 967 1702 1329 1783; x_wconf 90' lang='lat' dir='ltr'><strong>cogendum</strong></span> <span class='ocrx_word' id='word_1_117' title='bbox 1371 1709 1675 1765; x_wconf 91' lang='lat' dir='ltr'><strong>senatum</strong></span> <span class='ocrx_word' id='word_1_118' title='bbox 1701 1703 1769 1764; x_wconf 90' lang='lat' dir='ltr'><strong>in</strong></span> <span class='ocrx_word' id='word_1_119' title='bbox 1798 1703 2044 1765; x_wconf 89' lang='lat' dir='ltr'><strong>curiam</strong></span> <span class='ocrx_word' id='word_1_120' title='bbox 2087 1704 2275 1767; x_wconf 90' lang='lat' dir='ltr'><strong>redit.</strong></span> <span class='ocrx_word' id='word_1_121' title='bbox 2365 1704 2472 1767; x_wconf 91' lang='lat' dir='ltr'><strong>Fit</strong></span> 
     </span>
     <span class='ocr_line' id='line_1_17' title="bbox 379 1802 2471 1884; baseline 0 -20"><span class='ocrx_word' id='word_1_122' title='bbox 379 1803 535 1883; x_wconf 87' lang='lat' dir='ltr'><strong>fuga</strong></span> <span class='ocrx_word' id='word_1_123' title='bbox 607 1804 772 1883; x_wconf 88' lang='lat' dir='ltr'><strong>regis</strong></span> <span class='ocrx_word' id='word_1_124' title='bbox 844 1804 1292 1883; x_wconf 85' lang='lat' dir='ltr'><strong>apparitorum</strong></span> <span class='ocrx_word' id='word_1_125' title='bbox 1369 1809 1567 1883; x_wconf 91' lang='lat' dir='ltr'><strong>atque</strong></span> <span class='ocrx_word' id='word_1_126' title='bbox 1644 1802 1958 1865; x_wconf 90' lang='lat' dir='ltr'><strong>comitum</strong></span> <span class='ocrx_word' id='word_1_127' title='bbox 1969 1824 1985 1880; x_wconf 77' lang='lat'><em>3</em></span> <span class='ocrx_word' id='word_1_128' title='bbox 2059 1803 2196 1883; x_wconf 87' lang='lat' dir='ltr'><strong>ipse</strong></span> <span class='ocrx_word' id='word_1_129' title='bbox 2270 1824 2471 1884; x_wconf 88' lang='lat' dir='ltr'><strong>prope</strong></span> 
     </span>
     <span class='ocr_line' id='line_1_18' title="bbox 378 1901 2467 1983; baseline 0 -17"><span class='ocrx_word' id='word_1_130' title='bbox 378 1904 742 1983; x_wconf 78' lang='lat' dir='ltr'><strong>exsanguiS‚</strong></span> <span class='ocrx_word' id='word_1_131' title='bbox 787 1923 935 1965; x_wconf 88' lang='lat' dir='ltr'><strong>cum</strong></span> <span class='ocrx_word' id='word_1_132' title='bbox 973 1904 1111 1965; x_wconf 91' lang='lat' dir='ltr'><strong>sine</strong></span> <span class='ocrx_word' id='word_1_133' title='bbox 1150 1903 1320 1982; x_wconf 90' lang='lat' dir='ltr'><strong>regio</strong></span> <span class='ocrx_word' id='word_1_134' title='bbox 1361 1904 1680 1965; x_wconf 89' lang='lat' dir='ltr'><strong>comitatu</strong></span> <span class='ocrx_word' id='word_1_135' title='bbox 1721 1902 1990 1964; x_wconf 91' lang='lat' dir='ltr'><strong>domum</strong></span> <span class='ocrx_word' id='word_1_136' title='bbox 2030 1922 2097 1964; x_wconf 91' lang='lat' dir='ltr'><strong>se</strong></span> <span class='ocrx_word' id='word_1_137' title='bbox 2137 1901 2467 1982; x_wconf 85' lang='lat' dir='ltr'><strong>reciperet,</strong></span> 
     </span>
     <span class='ocr_line' id='line_1_19' title="bbox 380 2002 2468 2085; baseline 0 -19"><span class='ocrx_word' id='word_1_138' title='bbox 380 2004 465 2066; x_wconf 92' lang='lat' dir='ltr'><strong>ab</strong></span> <span class='ocrx_word' id='word_1_139' title='bbox 498 2004 594 2080; x_wconf 81' lang='lat' dir='ltr'><strong>iis,</strong></span> <span class='ocrx_word' id='word_1_140' title='bbox 633 2003 746 2085; x_wconf 91' lang='lat' dir='ltr'><strong>qui</strong></span> <span class='ocrx_word' id='word_1_141' title='bbox 780 2003 958 2064; x_wconf 91' lang='lat' dir='ltr'><strong>missi</strong></span> <span class='ocrx_word' id='word_1_142' title='bbox 995 2003 1079 2066; x_wconf 91' lang='lat' dir='ltr'><strong>ab</strong></span> <span class='ocrx_word' id='word_1_143' title='bbox 1113 2003 1464 2083; x_wconf 90' lang='lat' dir='ltr'><strong>Tarquinio</strong></span> <span class='ocrx_word' id='word_1_144' title='bbox 1501 2002 1858 2081; x_wconf 85' lang='lat' dir='ltr'><strong>fugientem</strong></span> <span class='ocrx_word' id='word_1_145' title='bbox 1896 2004 2226 2065; x_wconf 88' lang='lat' dir='ltr'><strong>consecuti</strong></span> <span class='ocrx_word' id='word_1_146' title='bbox 2259 2010 2468 2080; x_wconf 82' lang='lat' dir='ltr'><strong>erant,</strong></span> 
     </span>
    </p>
   </div>
   <div class='ocr_carea' id='block_1_4' title="bbox 304 2102 2467 2183">
    <p class='ocr_par' dir='ltr' id='par_1_4' title="bbox 304 2102 2467 2183">
     <span class='ocr_line' id='line_1_20' title="bbox 304 2102 2467 2183; baseline 0 -18"><span class='ocrx_word' id='word_1_147' title='bbox 304 2122 343 2165; x_wconf 81' lang='lat'><strong>5</strong></span> <span class='ocrx_word' id='word_1_148' title='bbox 367 2104 782 2183; x_wconf 84' lang='lat' dir='ltr'><strong>interficitur.</strong></span> <span class='ocrx_word' id='word_1_149' title='bbox 859 2102 1176 2179; x_wconf 85' lang='lat' dir='ltr'><strong>Creditur,</strong></span> <span class='ocrx_word' id='word_1_150' title='bbox 1207 2102 1360 2183; x_wconf 91' lang='lat' dir='ltr'><strong>quia</strong></span> <span class='ocrx_word' id='word_1_151' title='bbox 1388 2123 1520 2163; x_wconf 92' lang='lat' dir='ltr'><strong>non</strong></span> <span class='ocrx_word' id='word_1_152' title='bbox 1556 2102 1861 2165; x_wconf 87' lang='lat' dir='ltr'><strong>abhorret</strong></span> <span class='ocrx_word' id='word_1_153' title='bbox 1894 2124 1935 2164; x_wconf 92' lang='lat' dir='ltr'><strong>a</strong></span> <span class='ocrx_word' id='word_1_154' title='bbox 1968 2111 2181 2166; x_wconf 89' lang='lat' dir='ltr'><strong>cetero</strong></span> <span class='ocrx_word' id='word_1_155' title='bbox 2214 2104 2467 2181; x_wconf 87' lang='lat' dir='ltr'><strong>scelere,</strong></span> 
     </span>
    </p>
   </div>
   <div class='ocr_carea' id='block_1_5' title="bbox 377 2203 2471 2483">
    <p class='ocr_par' dir='ltr' id='par_1_5' title="bbox 377 2203 2471 2483">
     <span class='ocr_line' id='line_1_21' title="bbox 379 2203 2470 2284; baseline -0 -18"><span class='ocrx_word' id='word_1_156' title='bbox 379 2203 718 2267; x_wconf 87' lang='lat' dir='ltr'><strong>admonitu</strong></span> <span class='ocrx_word' id='word_1_157' title='bbox 773 2203 1018 2266; x_wconf 89' lang='lat' dir='ltr'><strong>Tulliae</strong></span> <span class='ocrx_word' id='word_1_158' title='bbox 1070 2203 1137 2264; x_wconf 94' lang='lat' dir='ltr'><strong>id</strong></span> <span class='ocrx_word' id='word_1_159' title='bbox 1190 2203 1458 2265; x_wconf 89' lang='lat' dir='ltr'><strong>factum.</strong></span> <span class='ocrx_word' id='word_1_160' title='bbox 1557 2203 1883 2282; x_wconf 89' lang='lat' dir='ltr'><strong>Carpento</strong></span> <span class='ocrx_word' id='word_1_161' title='bbox 1937 2211 2128 2280; x_wconf 91' lang='lat' dir='ltr'><strong>certe,</strong></span> <span class='ocrx_word' id='word_1_162' title='bbox 2174 2203 2240 2265; x_wconf 93' lang='lat' dir='ltr'><strong>id</strong></span> <span class='ocrx_word' id='word_1_163' title='bbox 2295 2204 2470 2284; x_wconf 92' lang='lat' dir='ltr'><strong>quod</strong></span> 
     </span>
     <span class='ocr_line' id='line_1_22' title="bbox 377 2303 2469 2380; baseline -0 -15"><span class='ocrx_word' id='word_1_164' title='bbox 377 2304 536 2367; x_wconf 90' lang='lat' dir='ltr'><strong>satis</strong></span> <span class='ocrx_word' id='word_1_165' title='bbox 603 2310 880 2380; x_wconf 87' lang='lat' dir='ltr'><strong>constat,</strong></span> <span class='ocrx_word' id='word_1_166' title='bbox 948 2304 1016 2365; x_wconf 90' lang='lat' dir='ltr'><strong>in</strong></span> <span class='ocrx_word' id='word_1_167' title='bbox 1079 2303 1292 2365; x_wconf 86' lang='lat' dir='ltr'><strong>forum</strong></span> <span class='ocrx_word' id='word_1_168' title='bbox 1356 2303 1618 2365; x_wconf 88' lang='lat' dir='ltr'><strong>invecta</strong></span> <span class='ocrx_word' id='word_1_169' title='bbox 1683 2323 1799 2365; x_wconf 92' lang='lat' dir='ltr'><strong>nec</strong></span> <span class='ocrx_word' id='word_1_170' title='bbox 1866 2305 2146 2366; x_wconf 91' lang='lat' dir='ltr'><strong>reverita</strong></span> <span class='ocrx_word' id='word_1_171' title='bbox 2211 2311 2469 2366; x_wconf 89' lang='lat' dir='ltr'><strong>coetum</strong></span> 
     </span>
     <span class='ocr_line' id='line_1_23' title="bbox 379 2403 2471 2483; baseline -0 -17"><span class='ocrx_word' id='word_1_172' title='bbox 379 2404 666 2466; x_wconf 89' lang='lat' dir='ltr'><strong>virorum</strong></span> <span class='ocrx_word' id='word_1_173' title='bbox 706 2404 1007 2465; x_wconf 89' lang='lat' dir='ltr'><strong>evocavit</strong></span> <span class='ocrx_word' id='word_1_174' title='bbox 1048 2403 1261 2464; x_wconf 90' lang='lat' dir='ltr'><strong>virum</strong></span> <span class='ocrx_word' id='word_1_175' title='bbox 1300 2421 1336 2463; x_wconf 94' lang='lat' dir='ltr'><strong>e</strong></span> <span class='ocrx_word' id='word_1_176' title='bbox 1377 2403 1572 2478; x_wconf 89' lang='lat' dir='ltr'><strong>curia,</strong></span> <span class='ocrx_word' id='word_1_177' title='bbox 1616 2422 1959 2483; x_wconf 86' lang='lat' dir='ltr'><strong>regemque</strong></span> <span class='ocrx_word' id='word_1_178' title='bbox 2000 2404 2211 2482; x_wconf 92' lang='lat' dir='ltr'><strong>prima</strong></span> <span class='ocrx_word' id='word_1_179' title='bbox 2250 2403 2471 2483; x_wconf 90' lang='lat' dir='ltr'><strong>appel-</strong></span> 
     </span>
    </p>
   </div>
   <div class='ocr_carea' id='block_1_6' title="bbox 302 2501 2470 2584">
    <p class='ocr_par' dir='ltr' id='par_1_6' title="bbox 302 2501 2470 2584">
     <span class='ocr_line' id='line_1_24' title="bbox 302 2501 2470 2584; baseline 0 -19"><span class='ocrx_word' id='word_1_180' title='bbox 302 2521 343 2565; x_wconf 82' lang='lat'><strong>6</strong></span> <span class='ocrx_word' id='word_1_181' title='bbox 376 2503 560 2566; x_wconf 89' lang='lat' dir='ltr'><strong>lavit.</strong></span> <span class='ocrx_word' id='word_1_182' title='bbox 652 2503 709 2565; x_wconf 94' lang='lat' dir='ltr'>A</span> <span class='ocrx_word' id='word_1_183' title='bbox 745 2523 873 2584; x_wconf 91' lang='lat' dir='ltr'><strong>quo</strong></span> <span class='ocrx_word' id='word_1_184' title='bbox 921 2504 1231 2566; x_wconf 86' lang='lat' dir='ltr'><strong>facessere</strong></span> <span class='ocrx_word' id='word_1_185' title='bbox 1277 2501 1450 2564; x_wconf 89' lang='lat' dir='ltr'><strong>iussa</strong></span> <span class='ocrx_word' id='word_1_186' title='bbox 1498 2522 1580 2563; x_wconf 86' lang='lat' dir='ltr'><strong>ex</strong></span> <span class='ocrx_word' id='word_1_187' title='bbox 1627 2509 1816 2565; x_wconf 90' lang='lat' dir='ltr'><strong>tanto</strong></span> <span class='ocrx_word' id='word_1_188' title='bbox 1865 2502 2157 2566; x_wconf 91' lang='lat' dir='ltr'><strong>tumultu</strong></span> <span class='ocrx_word' id='word_1_189' title='bbox 2207 2522 2357 2564; x_wconf 90' lang='lat' dir='ltr'><strong>cum</strong></span> <span class='ocrx_word' id='word_1_190' title='bbox 2404 2523 2470 2565; x_wconf 92' lang='lat' dir='ltr'><strong>se</strong></span> 
     </span>
    </p>
   </div>
   <div class='ocr_carea' id='block_1_7' title="bbox 373 2601 2469 2882">
    <p class='ocr_par' dir='ltr' id='par_1_7' title="bbox 373 2601 2469 2882">
     <span class='ocr_line' id='line_1_25' title="bbox 375 2601 2469 2682; baseline -0.002 -16"><span class='ocrx_word' id='word_1_191' title='bbox 375 2603 647 2666; x_wconf 91' lang='lat' dir='ltr'><strong>domum</strong></span> <span class='ocrx_word' id='word_1_192' title='bbox 693 2602 1024 2682; x_wconf 88' lang='lat' dir='ltr'><strong>reciperet,</strong></span> <span class='ocrx_word' id='word_1_193' title='bbox 1073 2602 1601 2682; x_wconf 86' lang='lat' dir='ltr'><strong>pervenissetque</strong></span> <span class='ocrx_word' id='word_1_194' title='bbox 1650 2601 1731 2664; x_wconf 88' lang='lat' dir='ltr'><strong>ad</strong></span> <span class='ocrx_word' id='word_1_195' title='bbox 1780 2621 2111 2663; x_wconf 91' lang='lat' dir='ltr'><strong>summum</strong></span> <span class='ocrx_word' id='word_1_196' title='bbox 2158 2603 2469 2682; x_wconf 86' lang='lat' dir='ltr'><strong>Cyprium</strong></span> 
     </span>
     <span class='ocr_line' id='line_1_26' title="bbox 377 2700 2469 2781; baseline -0.001 -16"><span class='ocrx_word' id='word_1_197' title='bbox 377 2704 615 2780; x_wconf 88' lang='lat' dir='ltr'><strong>vicum,</strong></span> <span class='ocrx_word' id='word_1_198' title='bbox 682 2702 797 2764; x_wconf 92' lang='lat' dir='ltr'><strong>ubi</strong></span> <span class='ocrx_word' id='word_1_199' title='bbox 865 2702 1172 2765; x_wconf 89' lang='lat' dir='ltr'><strong>Dianium</strong></span> <span class='ocrx_word' id='word_1_200' title='bbox 1238 2721 1444 2780; x_wconf 89' lang='lat' dir='ltr'><strong>nuper</strong></span> <span class='ocrx_word' id='word_1_201' title='bbox 1510 2701 1655 2777; x_wconf 85' lang='lat' dir='ltr'><strong>fuit,</strong></span> <span class='ocrx_word' id='word_1_202' title='bbox 1727 2700 2015 2764; x_wconf 89' lang='lat' dir='ltr'><strong>flectenti</strong></span> <span class='ocrx_word' id='word_1_203' title='bbox 2084 2709 2469 2781; x_wconf 88' lang='lat' dir='ltr'><strong>carpentum</strong></span> 
     </span>
     <span class='ocr_line' id='line_1_27' title="bbox 373 2799 2468 2882; baseline -0 -18"><span class='ocrx_word' id='word_1_204' title='bbox 373 2803 610 2865; x_wconf 89' lang='lat' dir='ltr'><strong>dextra</strong></span> <span class='ocrx_word' id='word_1_205' title='bbox 669 2799 739 2864; x_wconf 87' lang='lat' dir='ltr'><strong>in</strong></span> <span class='ocrx_word' id='word_1_206' title='bbox 800 2802 1075 2866; x_wconf 91' lang='lat' dir='ltr'><strong>Vrbium</strong></span> <span class='ocrx_word' id='word_1_207' title='bbox 1139 2801 1400 2878; x_wconf 88' lang='lat' dir='ltr'><strong>clivum,</strong></span> <span class='ocrx_word' id='word_1_208' title='bbox 1464 2807 1543 2864; x_wconf 92' lang='lat' dir='ltr'><strong>ut</strong></span> <span class='ocrx_word' id='word_1_209' title='bbox 1604 2799 1672 2862; x_wconf 93' lang='lat' dir='ltr'><strong>in</strong></span> <span class='ocrx_word' id='word_1_210' title='bbox 1737 2801 1963 2864; x_wconf 88' lang='lat' dir='ltr'><strong>collem</strong></span> <span class='ocrx_word' id='word_1_211' title='bbox 2031 2801 2468 2882; x_wconf 87' lang='lat' dir='ltr'><strong>Esquiliarum</strong></span> 
     </span>
    </p>
   </div>
   <div class='ocr_carea' id='block_1_8' title="bbox 373 3018 2471 3139">
    <p class='ocr_par' dir='ltr' id='par_1_8' title="bbox 373 3018 2471 3139">
     <span class='ocr_line' id='line_1_28' title="bbox 373 3018 2471 3067; baseline -0 -1"><span class='ocrx_word' id='word_1_212' title='bbox 373 3021 614 3067; x_wconf 88' lang='lat' dir='ltr'><strong>XLVIII.</strong></span> <span class='ocrx_word' id='word_1_213' title='bbox 725 3021 861 3064; x_wconf 84' lang='lat' dir='ltr'><strong>THE</strong></span> <span class='ocrx_word' id='word_1_214' title='bbox 933 3019 1216 3064; x_wconf 79' lang='lat' dir='ltr'><strong>KILLING</strong></span> <span class='ocrx_word' id='word_1_215' title='bbox 1288 3018 1373 3062; x_wconf 78' lang='lat' dir='ltr'><strong>O‘F</strong></span> <span class='ocrx_word' id='word_1_216' title='bbox 1472 3020 1793 3063; x_wconf 83' lang='lat' dir='ltr'><strong>inconsistent</strong></span> <span class='ocrx_word' id='word_1_217' title='bbox 1818 3020 1941 3065; x_wconf 88' lang='lat' dir='ltr'><strong>with</strong></span> <span class='ocrx_word' id='word_1_218' title='bbox 1965 3020 2052 3064; x_wconf 90' lang='lat' dir='ltr'><strong>her</strong></span> <span class='ocrx_word' id='word_1_219' title='bbox 2072 3021 2263 3064; x_wconf 87' lang='lat' dir='ltr'><strong>actions</strong></span> <span class='ocrx_word' id='word_1_220' title='bbox 2294 3021 2345 3062; x_wconf 91' lang='lat' dir='ltr'><strong>in</strong></span> <span class='ocrx_word' id='word_1_221' title='bbox 2385 3021 2471 3065; x_wconf 89' lang='lat' dir='ltr'><strong>the</strong></span> 
     </span>
     <span class='ocr_line' id='line_1_29' title="bbox 437 3087 2467 3139; baseline -0.001 -6"><span class='ocrx_word' id='word_1_222' title='bbox 437 3089 754 3138; x_wconf 81' lang='lat' dir='ltr'><strong>SERVIUS:</strong></span> <span class='ocrx_word' id='word_1_223' title='bbox 839 3090 928 3133; x_wconf 84' lang='lat' dir='ltr'><strong>SU</strong></span> <span class='ocrx_word' id='word_1_224' title='bbox 933 3090 991 3132; x_wconf 89' lang='lat' dir='ltr'><em>M</em></span> <span class='ocrx_word' id='word_1_225' title='bbox 995 3089 1198 3133; x_wconf 81' lang='lat' dir='ltr'><strong><em>MARY</em></strong></span> <span class='ocrx_word' id='word_1_226' title='bbox 1288 3088 1373 3132; x_wconf 84' lang='lat' dir='ltr'><strong>OF</strong></span> <span class='ocrx_word' id='word_1_227' title='bbox 1473 3091 1569 3130; x_wconf 88' lang='lat' dir='ltr'><strong>rest</strong></span> <span class='ocrx_word' id='word_1_228' title='bbox 1624 3089 1676 3130; x_wconf 79' lang='lat' dir='ltr'><strong>of</strong></span> <span class='ocrx_word' id='word_1_229' title='bbox 1729 3087 1814 3130; x_wconf 87' lang='lat' dir='ltr'><strong>the</strong></span> <span class='ocrx_word' id='word_1_230' title='bbox 1874 3089 2073 3131; x_wconf 87' lang='lat' dir='ltr'><strong>crime.’&#39;</strong></span> <span class='ocrx_word' id='word_1_231' title='bbox 2140 3088 2467 3139; x_wconf 81' lang='lat' dir='ltr'><strong>Brachylogy.</strong></span> 
     </span>
    </p>
   </div>
   <div class='ocr_carea' id='block_1_9' title="bbox 372 3155 2471 3406">
    <p class='ocr_par' dir='ltr' id='par_1_9' title="bbox 372 3155 2471 3406">
     <span class='ocr_line' id='line_1_30' title="bbox 440 3155 2470 3208; baseline -0.002 -6"><span class='ocrx_word' id='word_1_232' title='bbox 440 3159 555 3202; x_wconf 86' lang='lat' dir='ltr'><strong>HIS</strong></span> <span class='ocrx_word' id='word_1_233' title='bbox 589 3158 813 3202; x_wconf 77' lang='lat' dir='ltr'><strong>REIGN.</strong></span> <span class='ocrx_word' id='word_1_234' title='bbox 1472 3162 1573 3197; x_wconf 83' lang='lat' dir='ltr'><strong>nec</strong></span> <span class='ocrx_word' id='word_1_235' title='bbox 1616 3155 1879 3198; x_wconf 75' lang='lat' dir='ltr'><strong>reverita:</strong></span> <span class='ocrx_word' id='word_1_236' title='bbox 1934 3166 1998 3197; x_wconf 84' lang='lat' dir='ltr'><strong>an</strong></span> <span class='ocrx_word' id='word_1_237' title='bbox 2042 3156 2247 3208; x_wconf 87' lang='lat' dir='ltr'><strong>especial</strong></span> <span class='ocrx_word' id='word_1_238' title='bbox 2291 3156 2470 3199; x_wconf 87' lang='lat' dir='ltr'><strong>breach</strong></span> 
     </span>
     <span class='ocr_line' id='line_1_31' title="bbox 440 3222 1822 3276; baseline -0.003 -7"><span class='ocrx_word' id='word_1_239' title='bbox 440 3228 487 3269; x_wconf 87' lang='lat'><strong>1.</strong></span> <span class='ocrx_word' id='word_1_240' title='bbox 519 3228 661 3271; x_wconf 76' lang='lat' dir='ltr'><strong>Huic</strong></span> <span class='ocrx_word' id='word_1_241' title='bbox 747 3225 1011 3268; x_wconf 71' lang='lat' dir='ltr'><strong>orationi:</strong></span> <span class='ocrx_word' id='word_1_242' title='bbox 1103 3224 1372 3276; x_wconf 85' lang='lat' dir='ltr'><strong>emphatic:</strong></span> <span class='ocrx_word' id='word_1_243' title='bbox 1471 3222 1524 3263; x_wconf 83' lang='lat' dir='ltr'><strong>of</strong></span> <span class='ocrx_word' id='word_1_244' title='bbox 1555 3222 1822 3272; x_wconf 84' lang='lat' dir='ltr'><strong>propriety.</strong></span> 
     </span>
     <span class='ocr_line' id='line_1_32' title="bbox 375 3289 2471 3343; baseline -0.002 -7"><span class='ocrx_word' id='word_1_245' title='bbox 375 3293 558 3336; x_wconf 84' lang='lat' dir='ltr'><strong>“while</strong></span> <span class='ocrx_word' id='word_1_246' title='bbox 582 3294 645 3336; x_wconf 91' lang='lat' dir='ltr'><strong>he</strong></span> <span class='ocrx_word' id='word_1_247' title='bbox 668 3303 768 3335; x_wconf 87' lang='lat' dir='ltr'><strong>was</strong></span> <span class='ocrx_word' id='word_1_248' title='bbox 793 3293 892 3335; x_wconf 85' lang='lat' dir='ltr'><strong>still</strong></span> <span class='ocrx_word' id='word_1_249' title='bbox 917 3293 1153 3343; x_wconf 83' lang='lat' dir='ltr'><strong>speaking</strong></span> <span class='ocrx_word' id='word_1_250' title='bbox 1175 3292 1227 3333; x_wconf 91' lang='lat' dir='ltr'><strong>in</strong></span> <span class='ocrx_word' id='word_1_251' title='bbox 1252 3291 1372 3333; x_wconf 90' lang='lat' dir='ltr'><strong>such</strong></span> <span class='ocrx_word' id='word_1_252' title='bbox 1524 3293 1571 3333; x_wconf 81' lang='grc'><strong>6.</strong></span> <span class='ocrx_word' id='word_1_253' title='bbox 1613 3289 1879 3340; x_wconf 75' lang='lat' dir='ltr'><strong>cyprium</strong></span> <span class='ocrx_word' id='word_1_254' title='bbox 1917 3289 2134 3332; x_wconf 74' lang='lat' dir='ltr'><strong>vicum:</strong></span> <span class='ocrx_word' id='word_1_255' title='bbox 2173 3289 2309 3332; x_wconf 82' lang='lat' dir='ltr'><strong>aside</strong></span> <span class='ocrx_word' id='word_1_256' title='bbox 2344 3290 2471 3331; x_wconf 78' lang='lat' dir='ltr'><strong>from</strong></span> 
     </span>
     <span class='ocr_line' id='line_1_33' title="bbox 372 3355 2471 3406; baseline -0.003 0"><span class='ocrx_word' id='word_1_257' title='bbox 372 3362 576 3406; x_wconf 79' lang='lat' dir='ltr'><strong>termS.”</strong></span> <span class='ocrx_word' id='word_1_258' title='bbox 1472 3355 1556 3398; x_wconf 87' lang='lat' dir='ltr'><strong>the</strong></span> <span class='ocrx_word' id='word_1_259' title='bbox 1584 3356 1733 3398; x_wconf 86' lang='lat' dir='ltr'><strong>Sacra</strong></span> <span class='ocrx_word' id='word_1_260' title='bbox 1754 3357 1836 3397; x_wconf 88' lang='lat' dir='ltr'><strong>via</strong></span> <span class='ocrx_word' id='word_1_261' title='bbox 1859 3356 1957 3398; x_wconf 88' lang='lat' dir='ltr'><strong>and</strong></span> <span class='ocrx_word' id='word_1_262' title='bbox 1988 3356 2074 3398; x_wconf 92' lang='lat' dir='ltr'><strong>the</strong></span> <span class='ocrx_word' id='word_1_263' title='bbox 2098 3357 2239 3399; x_wconf 84' lang='lat' dir='ltr'><strong>Nova</strong></span> <span class='ocrx_word' id='word_1_264' title='bbox 2263 3357 2359 3406; x_wconf 85' lang='lat' dir='ltr'><strong>via,</strong></span> <span class='ocrx_word' id='word_1_265' title='bbox 2386 3357 2471 3400; x_wconf 88' lang='lat' dir='ltr'><strong>the</strong></span> 
     </span>
    </p>
   </div>
   <div class='ocr_carea' id='block_1_10' title="bbox 369 3424 2472 3881">
    <p class='ocr_par' dir='ltr' id='par_1_10' title="bbox 369 3424 2472 3681">
     <span class='ocr_line' id='line_1_34' title="bbox 436 3424 2472 3476; baseline -0.003 -4"><span class='ocrx_word' id='word_1_266' title='bbox 436 3431 486 3472; x_wconf 79' lang='lat'><strong>2.</strong></span> <span class='ocrx_word' id='word_1_267' title='bbox 519 3430 590 3472; x_wconf 75' lang='lat' dir='ltr'><strong>ad</strong></span> <span class='ocrx_word' id='word_1_268' title='bbox 624 3428 784 3471; x_wconf 73' lang='lat' dir='ltr'><strong>haec:</strong></span> <span class='ocrx_word' id='word_1_269' title='bbox 829 3438 894 3470; x_wconf 88' lang='lat' dir='ltr'><strong>sc.</strong></span> <span class='ocrx_word' id='word_1_270' title='bbox 939 3428 1244 3476; x_wconf 74' lang='lat' dir='ltr'><strong>responderet.</strong></span> <span class='ocrx_word' id='word_1_271' title='bbox 1311 3427 1374 3470; x_wconf 81' lang='lat' dir='ltr'><strong>fl·</strong></span> <span class='ocrx_word' id='word_1_272' title='bbox 1471 3428 1647 3466; x_wconf 83' lang='lat' dir='ltr'><strong>streets</strong></span> <span class='ocrx_word' id='word_1_273' title='bbox 1670 3425 1721 3465; x_wconf 84' lang='lat' dir='ltr'><strong>of</strong></span> <span class='ocrx_word' id='word_1_274' title='bbox 1745 3424 1901 3465; x_wconf 88' lang='lat' dir='ltr'><strong>Rome</strong></span> <span class='ocrx_word' id='word_1_275' title='bbox 1923 3434 2046 3466; x_wconf 89' lang='lat' dir='ltr'><strong>were</strong></span> <span class='ocrx_word' id='word_1_276' title='bbox 2069 3424 2224 3466; x_wconf 88' lang='lat' dir='ltr'><strong>either</strong></span> <span class='ocrx_word' id='word_1_277' title='bbox 2264 3424 2357 3465; x_wconf 80' lang='lat' dir='ltr'><strong>vici</strong></span> <span class='ocrx_word' id='word_1_278' title='bbox 2417 3434 2472 3465; x_wconf 91' lang='lat' dir='ltr'><strong>or</strong></span> 
     </span>
     <span class='ocr_line' id='line_1_35' title="bbox 369 3491 2471 3546; baseline -0.004 -6"><span class='ocrx_word' id='word_1_279' title='bbox 369 3495 729 3546; x_wconf 78' lang='lat' dir='ltr'><strong>numt--quod</strong></span> <span class='ocrx_word' id='word_1_280' title='bbox 747 3495 879 3545; x_wconf 76' lang='lat' dir='ltr'><strong>filius</strong></span> <span class='ocrx_word' id='word_1_281' title='bbox 909 3495 1038 3536; x_wconf 75' lang='lat' dir='ltr'><strong>esset.</strong></span> <span class='ocrx_word' id='word_1_282' title='bbox 1092 3502 1187 3545; x_wconf 81' lang='lat' dir='ltr'><strong>per</strong></span> <span class='ocrx_word' id='word_1_283' title='bbox 1204 3494 1374 3537; x_wconf 76' lang='lat' dir='ltr'><strong>licen·</strong></span> <span class='ocrx_word' id='word_1_284' title='bbox 1469 3491 1581 3534; x_wconf 81' lang='lat' dir='ltr'><strong>clivi</strong></span> <span class='ocrx_word' id='word_1_285' title='bbox 1610 3493 1703 3540; x_wconf 88' lang='lat' dir='ltr'><strong>(i.e.</strong></span> <span class='ocrx_word' id='word_1_286' title='bbox 1732 3502 1799 3542; x_wconf 88' lang='lat' dir='ltr'><strong>up</strong></span> <span class='ocrx_word' id='word_1_287' title='bbox 1823 3491 1948 3541; x_wconf 89' lang='lat' dir='ltr'><strong>hill).</strong></span> <span class='ocrx_word' id='word_1_288' title='bbox 1976 3491 2079 3533; x_wconf 90' lang='lat' dir='ltr'><strong>The</strong></span> <span class='ocrx_word' id='word_1_289' title='bbox 2103 3492 2240 3532; x_wconf 87' lang='lat' dir='ltr'><strong>vicus</strong></span> <span class='ocrx_word' id='word_1_290' title='bbox 2266 3491 2471 3542; x_wconf 84' lang='lat' dir='ltr'><strong>Cyprius</strong></span> 
     </span>
     <span class='ocr_line' id='line_1_36' title="bbox 371 3557 2472 3606; baseline -0.003 0"><span class='ocrx_word' id='word_1_291' title='bbox 371 3563 519 3606; x_wconf 70' lang='lat' dir='ltr'><strong>tiam</strong></span> <span class='ocrx_word' id='word_1_292' title='bbox 585 3561 934 3605; x_wconf 78' lang='lat' dir='ltr'><strong>eludentem:</strong></span> <span class='ocrx_word' id='word_1_293' title='bbox 1004 3561 1094 3603; x_wconf 86' lang='lat' dir='ltr'><strong>“in</strong></span> <span class='ocrx_word' id='word_1_294' title='bbox 1160 3561 1370 3604; x_wconf 88' lang='lat' dir='ltr'><strong>insolent</strong></span> <span class='ocrx_word' id='word_1_295' title='bbox 1469 3559 1547 3601; x_wconf 92' lang='lat' dir='ltr'><strong>led</strong></span> <span class='ocrx_word' id='word_1_296' title='bbox 1585 3560 1711 3601; x_wconf 86' lang='lat' dir='ltr'><strong>from</strong></span> <span class='ocrx_word' id='word_1_297' title='bbox 1746 3558 1928 3599; x_wconf 86' lang='lat' dir='ltr'><strong>“down</strong></span> <span class='ocrx_word' id='word_1_298' title='bbox 1965 3557 2132 3599; x_wconf 88' lang='lat' dir='ltr'><strong>town’&#39;</strong></span> <span class='ocrx_word' id='word_1_299' title='bbox 2166 3557 2354 3600; x_wconf 85' lang='lat' dir='ltr'><strong>toward</strong></span> <span class='ocrx_word' id='word_1_300' title='bbox 2386 3557 2472 3600; x_wconf 88' lang='lat' dir='ltr'><strong>the</strong></span> 
     </span>
     <span class='ocr_line' id='line_1_37' title="bbox 371 3624 2470 3681; baseline -0.004 -8"><span class='ocrx_word' id='word_1_301' title='bbox 371 3631 654 3681; x_wconf 87' lang='lat' dir='ltr'><strong>mockery.&#39;&#39;</strong></span> <span class='ocrx_word' id='word_1_302' title='bbox 1470 3627 1676 3675; x_wconf 86' lang='lat' dir='ltr'><strong>Subura.</strong></span> <span class='ocrx_word' id='word_1_303' title='bbox 1718 3625 1815 3668; x_wconf 88' lang='lat' dir='ltr'><strong>and</strong></span> <span class='ocrx_word' id='word_1_304' title='bbox 1854 3624 2045 3666; x_wconf 89' lang='lat' dir='ltr'><strong>crossed</strong></span> <span class='ocrx_word' id='word_1_305' title='bbox 2085 3628 2137 3667; x_wconf 87' lang='lat' dir='ltr'><strong>at</strong></span> <span class='ocrx_word' id='word_1_306' title='bbox 2176 3625 2241 3667; x_wconf 88' lang='lat' dir='ltr'><strong>its</strong></span> <span class='ocrx_word' id='word_1_307' title='bbox 2278 3624 2470 3673; x_wconf 83' lang='lat' dir='ltr'><strong>highest</strong></span> 
     </span>
    </p>

    <p class='ocr_par' dir='ltr' id='par_1_11' title="bbox 370 3691 2472 3808">
     <span class='ocr_line' id='line_1_38' title="bbox 436 3691 2472 3746; baseline -0.004 -6"><span class='ocrx_word' id='word_1_308' title='bbox 436 3698 485 3740; x_wconf 76' lang='lat'><strong>8.</strong></span> <span class='ocrx_word' id='word_1_309' title='bbox 519 3696 726 3740; x_wconf 73' lang='lat' dir='ltr'><strong>ultima</strong></span> <span class='ocrx_word' id='word_1_310' title='bbox 760 3696 988 3739; x_wconf 72' lang='lat' dir='ltr'><strong>auderet</strong></span> <span class='ocrx_word' id='word_1_311' title='bbox 1025 3695 1120 3738; x_wconf 86' lang='lat' dir='ltr'><strong>“to</strong></span> <span class='ocrx_word' id='word_1_312' title='bbox 1153 3695 1254 3738; x_wconf 89' lang='lat' dir='ltr'><strong>risk</strong></span> <span class='ocrx_word' id='word_1_313' title='bbox 1289 3707 1371 3738; x_wconf 88' lang='lat' dir='ltr'><strong>ex-</strong></span> <span class='ocrx_word' id='word_1_314' title='bbox 1470 3695 1610 3746; x_wconf 84' lang='lat' dir='ltr'><strong>point</strong></span> <span class='ocrx_word' id='word_1_315' title='bbox 1659 3694 1743 3736; x_wconf 90' lang='lat' dir='ltr'><strong>the</strong></span> <span class='ocrx_word' id='word_1_316' title='bbox 1789 3693 1944 3734; x_wconf 86' lang='lat' dir='ltr'><strong>clivus</strong></span> <span class='ocrx_word' id='word_1_317' title='bbox 1992 3691 2187 3740; x_wconf 79' lang='lat' dir='ltr'><strong>UrbiuS,</strong></span> <span class='ocrx_word' id='word_1_318' title='bbox 2237 3691 2395 3733; x_wconf 91' lang='lat' dir='ltr'><strong>where</strong></span> <span class='ocrx_word' id='word_1_319' title='bbox 2442 3701 2472 3732; x_wconf 89' lang='lat' dir='ltr'><strong>a</strong></span> 
     </span>
     <span class='ocr_line' id='line_1_39' title="bbox 370 3756 2469 3808; baseline -0.004 -1"><span class='ocrx_word' id='word_1_320' title='bbox 370 3767 528 3807; x_wconf 84' lang='lat' dir='ltr'><strong>treme</strong></span> <span class='ocrx_word' id='word_1_321' title='bbox 563 3763 862 3806; x_wconf 74' lang='lat' dir='ltr'><strong>measure8.&#39;&#39;</strong></span> <span class='ocrx_word' id='word_1_322' title='bbox 1470 3766 1587 3804; x_wconf 90' lang='lat' dir='ltr'><strong>turn</strong></span> <span class='ocrx_word' id='word_1_323' title='bbox 1620 3764 1673 3803; x_wconf 93' lang='lat' dir='ltr'><strong>to</strong></span> <span class='ocrx_word' id='word_1_324' title='bbox 1707 3760 1793 3802; x_wconf 89' lang='lat' dir='ltr'><strong>the</strong></span> <span class='ocrx_word' id='word_1_325' title='bbox 1824 3759 1953 3808; x_wconf 84' lang='lat' dir='ltr'><strong>right</strong></span> <span class='ocrx_word' id='word_1_326' title='bbox 1988 3770 2051 3801; x_wconf 90' lang='lat' dir='ltr'><strong>on</strong></span> <span class='ocrx_word' id='word_1_327' title='bbox 2089 3759 2269 3801; x_wconf 89' lang='lat' dir='ltr'><strong>Urbius</strong></span> <span class='ocrx_word' id='word_1_328' title='bbox 2301 3756 2380 3800; x_wconf 90' lang='lat' dir='ltr'><strong>led</strong></span> <span class='ocrx_word' id='word_1_329' title='bbox 2415 3760 2469 3799; x_wconf 91' lang='lat' dir='ltr'><strong>to</strong></span> 
     </span>
    </p>

    <p class='ocr_par' dir='ltr' id='par_1_12' title="bbox 434 3825 2469 3881">
     <span class='ocr_line' id='line_1_40' title="bbox 434 3825 2469 3881; baseline -0.004 -5"><span class='ocrx_word' id='word_1_330' title='bbox 434 3835 482 3876; x_wconf 74' lang='grc'><strong>8.</strong></span> <span class='ocrx_word' id='word_1_331' title='bbox 513 3839 630 3875; x_wconf 82' lang='lat' dir='ltr'><strong>non</strong></span> <span class='ocrx_word' id='word_1_332' title='bbox 662 3830 942 3881; x_wconf 74' lang='lat' dir='ltr'><strong>abhorret,</strong></span> <span class='ocrx_word' id='word_1_333' title='bbox 970 3833 1086 3875; x_wconf 87' lang='lat' dir='ltr'><strong>etc.:</strong></span> <span class='ocrx_word' id='word_1_334' title='bbox 1112 3829 1253 3874; x_wconf 86' lang='lat' dir='ltr'><strong>“was</strong></span> <span class='ocrx_word' id='word_1_335' title='bbox 1278 3833 1367 3872; x_wconf 91' lang='lat' dir='ltr'><strong>not</strong></span> <span class='ocrx_word' id='word_1_336' title='bbox 1471 3829 1555 3873; x_wconf 80' lang='lat' dir='ltr'><strong>the</strong></span> <span class='ocrx_word' id='word_1_337' title='bbox 1587 3827 1833 3870; x_wconf 88' lang='lat' dir='ltr'><strong>residence</strong></span> <span class='ocrx_word' id='word_1_338' title='bbox 1866 3825 2057 3868; x_wconf 85' lang='lat' dir='ltr'><strong>district</strong></span> <span class='ocrx_word' id='word_1_339' title='bbox 2092 3827 2144 3869; x_wconf 82' lang='lat' dir='ltr'><strong>of</strong></span> <span class='ocrx_word' id='word_1_340' title='bbox 2178 3826 2263 3870; x_wconf 91' lang='lat' dir='ltr'><strong>the</strong></span> <span class='ocrx_word' id='word_1_341' title='bbox 2292 3825 2469 3877; x_wconf 81' lang='lat' dir='ltr'><strong>Esqui-</strong></span> 
     </span>
    </p>
   </div>
  </div>
 </body>
</html>
