2925 4375
482 219 584 272 138
1014 191 1031 196 ’
1368 213 1431 269 Τ.
1470 210 1630 271 LIVI
2450 211 2503 278 [i.
2545 214 2582 266 4

478 401 563 464 ab
623 399 811 463 nobis
868 419 952 461 ex
1011 397 1267 461 foedere
1326 398 1645 478 repetitae
1706 396 1988 472 fuerant,
2049 393 2127 458 iis
2186 415 2319 458 non
2381 395 2582 459 fuisse

478 498 655 563 cordi
719 505 861 562 tam
924 498 1199 578 superbe
1264 498 1348 561 ab
1414 496 1731 560 Romanis
1795 494 2069 559 foederis
2130 494 2582 573 expiationem

413 616 443 658 5
476 605 785 679 spretam.
876 598 1048 673 Quid
1075 598 1250 661 enim
1290 596 1466 660 ultra
1507 596 1643 659 fieri
1685 595 1768 659 ad
1811 594 2164 674 placandos
2205 594 2363 657 deos
2406 594 2585 658 miti-

478 698 855 779 gandosque
918 698 1211 761 homines
1272 697 1514 777 potuit,
1579 716 1782 777 quam
1845 694 2021 775 quod
2085 716 2204 757 nos
2267 694 2583 757 fecimus?

481 799 610 862 Res
646 799 935 862 hostium
988 798 1054 859 in
1107 797 1352 877 praeda
1404 803 1654 876 captaS,
1698 814 1867 876 quae
1922 792 2070 856 belli
2122 794 2262 856 iure
2315 800 2582 865 nostrae

413 914 443 955 6
478 894 892 974 videbantur,
953 897 1343 973 remisimus;
1403 902 1700 958 auctores
1757 892 1929 969 belli,
1987 893 2142 974 quia
2199 893 2388 957 vivos
2445 916 2582 957 non

479 998 835 1078 potuimus,
882 997 1258 1077 perfunctos
1303 996 1434 1058 iam
1481 995 1621 1058 fato
1666 994 2036 1057 dedidimus
2046 1014 2062 1069 ;
2107 994 2283 1056 bona
2325 1013 2578 1069 eorum,

479 1118 559 1160 ne
628 1097 785 1178 quid
853 1117 935 1158 ex
1004 1096 1387 1172 contagione
1454 1114 1666 1157 noxae
1734 1099 2097 1156 remaneret
2164 1112 2364 1173 penes
2433 1114 2577 1168 1108,

417 1213 444 1255 7
480 1197 763 1259 Romam
831 1196 1257 1275 portavimus.
1347 1193 1519 1269 Quid
1588 1194 1763 1256 ultra
1828 1192 1971 1269 tibi,
2041 1193 2361 1267 Romane,
2420 1192 2581 1272 quid

480 1296 741 1371 foederi,
806 1295 963 1376 quid
1026 1294 1148 1358 diis
1210 1295 1470 1357 arbitris
1530 1293 1804 1357 foederis
1865 1292 2108 1355 debeo?
2193 1290 2408 1366 Quem
2455 1292 2582 1353 tibi

479 1401 743 1457 tuarum
809 1396 1072 1470 irarum,
1142 1415 1336 1475 quem
1405 1413 1697 1455 meorum
1762 1391 2228 1473 suppliciorum
2295 1391 2580 1453 iudicem

480 1494 722 1557 feram?
810 1494 1173 1570 Neminem,
1236 1514 1446 1573 neque
1529 1492 1846 1573 populum
1926 1512 2136 1572 neque
2216 1492 2579 1573 privatum,

414 1611 445 1653 8
480 1594 676 1673 fugio,
764 1595 939 1675 quod
981 1594 1037 1658 si
1077 1593 1237 1656 nihil
1279 1614 1429 1656 cum
1472 1593 1839 1672 potentiore
1878 1591 2034 1655 iuris
2075 1591 2349 1655 humani
2389 1580 2598 1654 relin?

482 1694 706 1774 quitur
741 1694 937 1774 inopi,
978 1700 1047 1757 at
1082 1714 1200 1773 ego
1238 1694 1320 1757 ad
1356 1694 1512 1755 deos
1549 1692 1838 1755 vindices
1872 1690 2320 1754 intolerandae
2354 1711 2582 1771 super-

481 1794 626 1856 biae
688 1794 1059 1873 confugiam
1118 1800 1187 1857 et
1248 1793 1580 1874 precabor,
1643 1798 1720 1855 ut
1781 1791 1909 1855 iras
1969 1812 2120 1855 suas
2183 1798 2448 1854 vertant
2507 1791 2581 1854 in

415 1911 444 1952 9
477 1914 607 1970 eos,
659 1894 894 1973 quibus
942 1916 1074 1956 11011
1120 1914 1275 1957 suae
1339 1892 1633 1955 redditae
1693 1912 1814 1968 res,
1865 1913 1997 1954 non
2041 1892 2310 1961 ,alienae
2381 1891 2580 1954 adcu-

481 1992 769 2056 mulatae
795 1994 955 2056 satis
982 1993 1112 2056 sint
1124 2015 1139 2069 ;
1180 2014 1457 2073 quorum
1483 1992 1827 2055 saevitiam
1853 2013 1986 2055 non
2011 2012 2182 2055 mors
2207 1991 2576 2066 noxiorum,

480 2114 612 2155 non
642 2093 887 2156 deditio
918 2094 1441 2155 exanimatorum
1475 2112 1838 2171 corporum,
1871 2113 2002 2154 non
2034 2092 2206 2153 bona
2234 2091 2580 2170 sequentia

480 2193 728 2255 domini
772 2193 1170 2256 deditionem
1213 2194 1539 2256 exsatient
1551 2213 1567 2269 ;
1613 2192 1724 2272 qui
1769 2191 2012 2271 placari
2055 2197 2406 2271 nequeant,
2453 2192 2578 2254 11181

480 2293 912 2355 hauriendum
950 2293 1330 2371 sanguinem
1370 2291 1806 2371 laniandaque
1847 2292 2093 2354 viscera
2130 2297 2355 2354 nostra
2391 2311 2580 2371 prae-

387 2412 445 2452 10
481 2393 829 2456 buerimus.
922 2393 1181 2455 Iustum
1229 2399 1329 2455 est
1379 2391 1641 2468 bellum,
1695 2391 2040 2466 Samnites,
2081 2390 2317 2470 quibus
2354 2411 2574 2454 neces-

480 2493 743 2568 sarium,
775 2500 842 2555 et
872 2492 983 2573 pia
1012 2513 1213 2568 arma,
1244 2491 1482 2572 quibus
1511 2490 1690 2553 nulla
1717 2491 1840 2553 nisi
1868 2490 1936 2551 in
1966 2491 2160 2554 armis
2189 2489 2578 2570 relinquitur

387 2611 440 2650 11
477 2613 642 2672 spes.
735 2591 1035 2668 Proinde,
1120 2612 1268 2654 011111
1365 2611 1580 2653 rerum
1677 2591 2113 2652 humanarum
2211 2591 2574 2652 maximum

481 2698 888 2754 momentum
958 2693 1066 2767 sit,
1142 2711 1339 2772 quam
1413 2691 1711 2770 propitiis
1783 2710 1939 2765 rem,
2014 2711 2214 2770 quam
2289 2690 2576 2752 adversis

482 2798 679 2870 agant
726 2791 869 2866 diis,
919 2812 1035 2871 pro
1083 2798 1259 2854 certo
1306 2790 1544 2852 habete
1590 2790 1806 2869 priora
1849 2789 2019 2852 bella
2064 2790 2373 2852 adversus
2419 2790 2574 2852 deos

480 2892 683 2970 magis
725 2911 923 2970 quam
967 2892 1258 2953 homines
1300 2890 1584 2969 gessisse,
1629 2891 1771 2964 hoc,
1814 2889 1991 2969 quod
2031 2888 2256 2965 instat,
2297 2888 2575 2952 ducibus

480 2993 633 3071 ipsis
665 2991 785 3054 diis
820 2991 1152 3070 gesturos.'

542 3197 589 3237 θ’.
624 3194 904 3239 auctores:
931 3194 1085 3237 either
1110 3193 1370 3236 rhetorical
1396 3204 1478 3236 ex·
1583 3225 1588 3232 .
1641 3193 1690 3235 8.
1723 3189 1884 3236 luris:
1911 3193 2032 3235 with
2058 3192 2197 3236 nihil.
2259 3193 2361 3236 The
2387 3197 2576 3245 protest

478 3265 776 3312 aggeration,
818 3272 872 3304 or
912 3263 1036 3312 Livy
1073 3261 1187 3304 here
1225 3261 1411 3303 follows
1448 3271 1478 3302 a
1577 3261 1618 3304 is
1641 3261 1832 3310 against
1856 3260 2058 3310 might’s
2079 3261 2282 3310 making
2302 3260 2449 3310 right.

480 3330 718 3372 tradition
767 3329 879 3373 that
932 3330 1065 3379 gives
1116 3328 1297 3379 Papius
1347 3337 1479 3369 asso·
1638 3327 1689 3370 ⁹.
1723 3327 1937 3370 alienae
1982 3327 2404 3370 adcumulata&
2450 3327 2578 3371 “the

479 3398 645 3441 ciateS.
750 3396 1074 3447 perfunctos
1145 3397 1263 3438 lam
1332 3394 1479 3437 tato:
1578 3394 1802 3437 addition
1819 3395 1869 3435 of
1886 3394 1997 3437 that
2013 3393 2276 3444 belonging
2290 3398 2343 3436 to
2359 3394 2576 3438 other8.”

479 3464 801 3515 euphemistic
824 3465 899 3506 for
922 3465 1141 3506 mortuos,
1198 3470 1397 3504 noxae:
1427 3479 1470 3494 =
1642 3462 1721 3503 10.
1755 3461 1984 3506 Iustum
2016 3460 2242 3510 bellum,
2269 3461 2361 3513 pia
2393 3469 2574 3505 armat

478 3531 670 3580 noxiae:
702 3535 830 3582 part.
866 3542 972 3581 gen.
1007 3530 1126 3573 with
1159 3530 1284 3580 quid.
1577 3532 1706 3570 most
1760 3528 1988 3571 essential
2040 3528 2318 3571 conditions
2368 3529 2495 3570 from
2546 3539 2577 3570 a

543 3600 591 3640 7.
624 3601 900 3643 Romane:
927 3597 1011 3640 the
1035 3596 1331 3648 apostrophe
1354 3596 1480 3638 adds
1580 3597 1774 3638 Roman
1799 3583 2017 3646 point'ot
2039 3595 2178 3644 view,
2205 3595 2499 3646 technically
2523 3598 2576 3638 at

480 3664 669 3716 greatly
732 3669 786 3707 to
850 3664 934 3707 the
996 3663 1255 3706 rhetorical
1317 3664 1477 3706 effect.
1579 3663 1718 3705 least.

479 3731 683 3774 teramz
712 3732 923 3779 “offen'’
949 3732 1026 3773 i.e.
1053 3741 1107 3772 as
1133 3731 1400 3772 arbitrator
1425 3733 1480 3773 to
1643 3731 1723 3772 11.
1756 3729 1957 3781 agant:
2017 3740 2082 3772 se.
2143 3729 2368 3772 homines.
2460 3735 2580 3780 gee-

480 3799 629 3850 judge
653 3799 738 3842 the
762 3799 931 3841 merits
956 3798 1008 3839 of
1031 3796 1116 3839 the
1141 3807 1265 3838 case.
1581 3797 1737 3840 sisse:
1768 3807 1833 3839 sc.
1864 3807 1943 3838 vos
1972 3797 2098 3839 fre-m
2127 3796 2298 3840 habete.
