2925 4375
492 276 564 329 36
1406 276 1473 329 T.
1514 276 1674 369 mvi
2384 277 2482 343 [ix.
2528 274 2596 331 13

396 470 460 512 14
494 456 594 519 fas
641 475 714 519 ac
762 454 957 517 fidem
1002 453 1258 535 decepti
1303 456 1653 519 venissent.
1744 456 1879 519 Nec
1924 454 2131 537 raptis
2175 463 2291 521 aut
2328 476 2474 538 spes
2510 459 2594 521 de

494 574 562 617 se
611 555 838 617 melior
885 560 999 617 aut
1049 553 1410 635 indignatio
1457 562 1557 618 est
1608 556 1837 618 minor.
1926 556 2053 621 Sed
2100 557 2236 638 ipse
2271 558 2594 620 Romulus

497 654 902 730 circumibat,
947 654 1356 735 docebatque
1397 661 1665 735 patrum
1708 655 1773 717 id
1816 656 2121 737 superbia
2162 658 2432 733 factum,
2476 658 2590 739 qui

497 753 850 817 conubium
884 754 1177 816 finitimis
1210 760 1581 834 negassent:
1616 755 1757 818 illas
1789 761 2017 819 tamen
2050 756 2118 818 in
2152 756 2591 834 matrimoniO,

497 854 563 916 in
624 854 935 917 societate
997 853 1410 916 fortunarum
1472 854 1765 917 omnium
1828 855 2246 936 civitatisque
2308 863 2395 931 et,
2460 876 2593 938 quo

399 969 462 1012 15
497 954 656 1016 nihil
707 954 916 1016 carius
966 954 1254 1016 humano
1305 954 1521 1033 generi
1570 954 1676 1030 sit,
1728 954 2003 1017 liberum
2053 955 2217 1033 fore;
2268 956 2593 1019 mollirent

500 1054 694 1115 modo
721 1053 852 1116 iras
877 1060 965 1129 et,
997 1053 1234 1134 quibus
1260 1054 1394 1115 fors
1421 1073 1695 1133 corpora
1720 1054 2025 1130 dedisset,
2055 1054 2288 1117 darent
2318 1056 2589 1117 animos,

499 1154 704 1233 Saepe
777 1173 861 1215 ex
931 1153 1166 1215 iniuria
1211 1153 1636 1232 postmodum
1710 1154 1989 1233 gratiam
2062 1160 2298 1231 ortam,
2376 1174 2588 1235 eoque

499 1252 870 1315 melioribus
915 1271 1146 1315 usuras
1192 1253 1367 1328 viriS,
1419 1253 1597 1334 quod
1646 1252 1989 1316 adnisurus
2034 1271 2153 1334 pro
2202 1274 2269 1316 se
2318 1254 2594 1335 quisque

498 1353 604 1428 sit,
653 1358 751 1429 ut,
803 1372 952 1414 cum
998 1371 1186 1415 suam
1236 1353 1444 1414 vicem
1492 1352 1759 1415 functus
1805 1353 2015 1415 officio
2063 1353 2169 1431 sit,
2219 1354 2595 1434 parentium

401 1466 464 1510 ιο
497 1453 696 1515 etiam
726 1452 1104 1532 patriaeque
1145 1451 1406 1531 expleat
1449 1451 1859 1514 desiderium.
1958 1452 2374 1515 Accedebant
2412 1453 2597 1516 blan-

499 1551 698 1614 ditiae
773 1552 1058 1613 virorum
1131 1551 1382 1614 factum
1455 1552 1878 1631 purgantium
1954 1552 2315 1632 cupiditate
2390 1559 2595 1632 atque

500 1662 736 1727 amore,
804 1669 970 1731 quae
1035 1651 1316 1713 maxime
1383 1650 1464 1713 ad
1532 1651 1841 1713 muliebre
1904 1652 2235 1731 ingenium
2302 1652 2597 1714 efficaces

498 1769 716 1828 preces
755 1757 927 1812 sunt.

434 1867 459 1909 1
622 1850 706 1911 X.
763 1850 905 1912 Iam
956 1850 1311 1913 admodum
1376 1850 1658 1929 mitigati
1724 1850 1923 1913 animi
1988 1851 2194 1931 raptis
2242 1857 2427 1914 erant
2438 1872 2455 1928 ,·
2519 1857 2593 1914 at
2686 1898 2695 1905 -

498 1955 836 2028 raptarum
863 1956 1167 2030 parentes
1201 1957 1347 2012 tum
1376 1951 1658 2011 maxime
1686 1949 1947 2012 sordida
1975 1957 2157 2013 veste
2185 1951 2595 2031 lacrimisque

499 2055 566 2111 et
635 2048 931 2129 querellis
999 2050 1300 2111 civitates
1369 2049 1809 2111 concitabant.
1902 2050 2034 2111 Nec
2098 2050 2276 2112 domi
2326 2056 2594 2112 tantum

499 2147 976 2228 indignationes
1027 2148 1473 2225 continebant,
1526 2149 1638 2211 sed
1692 2150 2255 2229 congregabantur
2302 2150 2595 2232 undique

500 2248 584 2311 ad
606 2250 698 2310 .Τ.
729 2249 1013 2325 Tatium,
1054 2253 1272 2328 'regem
1315 2249 1725 2325 Sabinorum,
1768 2256 1837 2312 et
1880 2249 2234 2329 legationes
2272 2269 2371 2326 ec,
2416 2250 2594 2331 quod

501 2348 860 2410 maximum
904 2349 1078 2411 Tatii
1121 2369 1359 2411 nomen
1403 2349 1470 2410 in
1514 2349 1591 2409 iis
1634 2349 2003 2428 regionibus
2044 2356 2206 2425 erat,
2254 2349 2629 2412 convenie—.

434 2466 468 2512 2
501 2447 682 2510 bant.
772 2448 1198 2511 Caeninenses
1237 2448 1765 2528 Crustuminique
1804 2454 1871 2510 et
1913 2449 2344 2512 Antemnates
2381 2435 2591 2524 erant,

502 2547 585 2610 ad
637 2566 799 2628 quos
848 2547 985 2609 eius
1034 2547 1304 2610 iniuriae
1353 2567 1505 2627 pars
1554 2548 1944 2627 pertinebat.
2035 2551 2239 2612 Lente
2272 2568 2458 2629 agere
2496 2548 2595 2611 his

499 2646 729 2709 Tatius
765 2647 1117 2727 Sabinique
1154 2647 1274 2708 visi
1311 2653 1493 2724 sunt;
1528 2646 1652 2727 ipsi
1687 2647 1857 2710 inter
1890 2667 1957 2710 se
1991 2654 2125 2710 tres
2158 2648 2384 2729 populi
2421 2668 2597 2710 com-

433 2766 466 2811 3
500 2745 783 2808 muniter
836 2747 1077 2808 bellum
1131 2751 1388 2826 parant.
1482 2747 1578 2808 Ne
1618 2748 2017 2810 Crustumini
2072 2749 2336 2829 quidem
2392 2753 2595 2829 atque
2640 2809 2646 2815 .

500 2848 930 2909 Antemnates
991 2867 1108 2926 pro
1171 2847 1398 2909 ardore
1459 2845 1685 2926 iraque
1746 2847 2242 2910 Caeninensium
2304 2848 2466 2911 satis
2526 2865 2595 2910 se

562 3066 640 3108 14.
674 3065 873 3117 raptis:
896 3078 974 3109 see
998 3067 1188 3109 Introd.
1208 3069 1264 3111 V.
1285 3069 1325 3109 1.
1343 3069 1383 3110 b.
1406 3069 1494 3118 (1).
1594 3064 1817 3109 tactum
1850 3095 1863 3109 .
1899 3096 1912 3109 .
1948 3097 1960 3109 .
1990 3075 2206 3110 amore:
2237 3067 2386 3109 “who
2416 3065 2595 3117 sought

499 3134 790 3184 Praetically
820 3151 862 3166 ε
889 3136 1135 3184 raptarum
1177 3135 1258 3182 (cf.
1308 3136 1379 3176 10.
1428 3135 1494 3184 1).
1596 3137 1648 3175 to
1682 3133 1877 3184 explain
1912 3133 2040 3176 their
2072 3137 2152 3176 act
2187 3144 2250 3175 on
2285 3133 2370 3176 the
2403 3132 2512 3185 plea
2546 3133 2598 3176 ot

498 3200 558 3243 ln
573 3201 840 3244 societate
861 3201 1017 3250 (fore):
1036 3201 1238 3244 “would
1254 3202 1396 3244 share
1410 3202 1496 3244 the
1594 3200 1876 3251 passionate
1939 3200 2103 3243 love.''
2200 3208 2342 3253 quae
2413 3229 2427 3242 .
2497 3229 2511 3242 .
2582 3229 2597 3242 .

499 3269 769 3318 possession
825 3269 926 3310 of.’'
1013 3276 1124 3321 quo
1183 3297 1196 3310 .
1256 3297 1270 3310 .
1329 3297 1342 3310 .
1395 3269 1495 3312 tlt:
1594 3273 1805 3316 preces:
1835 3285 1876 3300 =
1905 3277 2073 3317 preces,
2122 3277 2255 3318 quae.
2336 3267 2413 3308 An
2458 3269 2599 3310 ante-

497 3335 866 3386 parenthetical‚
921 3336 1249 3386 anticipating
1299 3335 1496 3378 liberum
1594 3332 1769 3377 cedent
1811 3333 2046 3384 referring
2086 3333 2137 3376 in
2180 3345 2209 3376 a
2251 3333 2445 3384 general
2486 3344 2598 3385 way

503 3403 573 3452 (=
602 3402 888 3452 liberorum).
919 3455 922 3459 ,
1595 3402 1648 3442 to
1694 3400 1827 3443 what
1875 3399 2103 3453 precedes
2148 3401 2189 3443 is
2234 3399 2478 3453 regularly
2523 3399 2598 3443 in-

562 3469 640 3511 15.
718 3469 1108 3519 postmodum:
1193 3485 1236 3502 =
1321 3471 1495 3520 postea.
1592 3466 1769 3510 cluded
1798 3467 1849 3508 in
1877 3466 1962 3509 the
1988 3466 2073 3510 rel.
2102 3466 2279 3510 clause.

497 3542 671 3588 eoque
702 3563 715 3576 .
747 3563 760 3576 .
793 3564 806 3576 .
833 3535 990 3578 viris:
1019 3534 1179 3586 “they
1204 3534 1364 3577 would
1393 3534 1497 3577 find
1659 3533 1724 3576 X.
1761 3534 1809 3575 1.
1842 3534 2087 3577 sordida:
2108 3543 2138 3575 a
2158 3534 2264 3582 sign
2284 3533 2336 3575 of
2355 3533 2477 3583 grief
2495 3531 2595 3574 and

497 3601 624 3644 their
685 3600 938 3644 husbands
999 3601 1063 3644 all
1125 3602 1211 3645 the
1271 3601 1496 3645 kinder.'’
1596 3601 1811 3644 distreSS.
1879 3599 2324 3651 indignationes:
2362 3599 2598 3650 “expres-

497 3676 663 3711 suam
715 3669 920 3712 vicem:
975 3668 1077 3710 “on
1130 3668 1206 3710 his
1256 3678 1366 3710 own
1419 3679 1499 3710 ac·
1595 3668 1725 3709 sions
1784 3667 1836 3709 of
1894 3666 2255 3716 indignation.''
2346 3673 2435 3708 eo:
2463 3683 2506 3698 =
2534 3667 2599 3708 ad

495 3739 645 3778 count
658 3735 702 3784 ;'’
727 3734 842 3779 adv.
868 3746 968 3779 acc.
1596 3745 1716 3778 eum.

561 3802 641 3845 ιο.
674 3801 1050 3847 Accedebant:
1117 3801 1348 3845 “besides
1402 3801 1497 3851 (his
1658 3803 1708 3845 8.
1741 3800 2138 3847 Antemnates:
2158 3800 2261 3852 just
2277 3811 2333 3842 as
2347 3798 2599 3851 emphatic

497 3866 629 3922 plea)
675 3869 814 3912 there
857 3869 1034 3912 were.’'
1112 3867 1202 3912 See
1245 3879 1310 3910 on
1355 3869 1401 3912 6.
1449 3870 1495 3912 3.
1596 3880 1650 3911 as
1688 3869 2002 3917 Crustumini,
2039 3868 2131 3911 but
2166 3878 2226 3911 ne
2262 3899 2273 3911 .
2311 3898 2324 3910 .
2361 3897 2374 3912 .
2409 3865 2599 3919 quidem
