2925 4375
336 312 535 367 xxxix.
574 313 627 377 9]
1224 313 1459 367 LIBER
1497 313 1546 365 v
1637 272 1643 280 ’
2012 290 2018 295 ’
2336 318 2436 369 115

338 498 631 556 armatos
686 510 824 556 esse
880 491 947 556 in
1003 493 1204 557 muris
1260 494 1684 570 rettulissent,
1745 488 1919 558 aliud
1978 494 2174 575 priori
2228 494 2434 559 simile

260 603 297 646 3
337 592 727 655 miraculum
784 612 895 656 eos
951 594 1291 669 sustinuit3
1351 600 1742 675 noctemque
1801 594 1992 657 veriti
2048 601 2116 657 et
2175 596 2435 674 ignotae

336 693 542 755 situm
606 692 784 755 urbis
846 693 1016 756 inter
1080 695 1361 756 Romam
1426 700 1626 774 atque
1691 694 2004 757 Anienem
2069 694 2432 771 consedere,

336 791 861 871 exploratoribus
942 793 1152 857 missis
1234 794 1402 856 circa
1486 794 1742 856 moenia
1822 794 2108 875 aliasque
2189 800 2432 874 portas,

340 912 670 973 quaenam
711 892 1009 955 hostibus
1046 893 1115 956 in
1154 893 1411 972 perdita
1449 914 1517 955 re
1560 893 1825 956 consilia
1863 900 2096 957 essent.

263 1004 301 1046 4
468 992 771 1067 Romani,
810 1013 957 1054 cum
993 1013 1143 1072 pars
1178 993 1384 1055 maior
1416 1012 1499 1054 ex
1535 993 1670 1056 acie
1704 994 1896 1057 Veios
1930 996 2200 1073 petisset
2234 1015 2434 1075 quam

339 1093 648 1169 Romam,
711 1112 903 1155 nemo
962 1112 1293 1171 superesse
1354 1113 1754 1173 quemquam
1815 1101 2072 1173 praeter
2129 1113 2259 1170 eOS,
2324 1094 2436 1175 qui

339 1192 627 1255 Romam
682 1192 1073 1271 refugerant,
1132 1192 1440 1268 crederet,
1500 1192 1884 1272 complorati
1927 1212 2152 1256 omnes
2193 1194 2436 1274 pariter
2515 1184 2527 1193 ⁶

341 1291 479 1354 vivi
514 1292 886 1372 mortuique
919 1298 1133 1355 totam
1168 1312 1369 1371 prope
1392 1292 1620 1355 urbem
1650 1292 1952 1355 lamentis
1975 1292 2430 1373 impleverunt.

265 1404 302 1446 5
339 1391 645 1454 Privatos
694 1390 928 1454 deinde
978 1390 1193 1455 luctus
1242 1391 1592 1471 stupefecit
1642 1390 1940 1471 publicus
1989 1414 2214 1471 pavor,
2258 1400 2436 1473 post-

339 1511 543 1571 quam
594 1491 813 1554 hostes
864 1490 1085 1555 adesse
1135 1491 1517 1553 nuntiatum
1565 1498 1692 1567 est;
1743 1511 1898 1553 mox
1948 1491 2236 1555 ululatus
2287 1514 2436 1556 can-

338 1598 581 1671 tusque
655 1587 969 1667 dissonOS,
1048 1590 1441 1669 vagantibus
1519 1590 1687 1653 circa
1761 1592 2019 1655 moenia
2092 1593 2434 1655 turmatim

269 1702 304 1745 6
338 1690 656 1766 barbariS‚
696 1689 1069 1754 audiebant.
1161 1691 1389 1753 Omne·
1423 1690 1574 1765 inde
1629 1697 1890 1769 tempus
1941 1712 2288 1771 suspensos
2340 1692 2436 1755 ita

338 1790 559 1854 tenuit
616 1790 866 1853 animos
923 1809 1127 1870 usque
1184 1788 1267 1853 ad
1326 1788 1534 1851 lucem
1594 1790 1886 1866 alteram,
1947 1797 2022 1853 ut
2078 1791 2433 1855 identidem

268 1903 273 1911 '
337 1890 474 1952 iam
518 1888 587 1951 in
631 1889 859 1953 urbem
903 1888 1541 1952 futurus‘videretur
1583 1889 1867 1968 impetus
1877 1910 1893 1966 ;
1939 1891 2149 1970 primo
2195 1891 2437 1954 adven-

339 1996 471 2066 tu3,
535 1990 691 2070 quia
750 1995 1150 2053 accesserant
1210 1988 1293 2051 ad
1355 1988 1584 2052 urbem
1609 2022 1693 2032 —-
1716 2010 2056 2052 mansuros
2115 1990 2287 2053 enim
2350 1989 2433 2054 ad

271 2103 302 2146 7
340 2089 557 2151 Aliam
583 2088 799 2166 fuisse,
828 2089 952 2152 nisi
976 2090 1097 2151 hoc
1126 2088 1371 2151 consilii
1398 2089 1568 2152 foret
1591 2109 1700 2165 —;
1726 2088 1959 2151 deinde
1984 2090 2107 2152 sub
2133 2110 2434 2153 occasum

336 2188 511 2267 solis,
573 2178 753 2271 quia*
784 2190 961 2254 haud
1020 2189 1302 2251 multum
1361 2188 1490 2268 diei
1546 2195 1900 2267 supererat,
1963 2197 2116 2253 ante
2173 2197 2434 2253 noctem

337 2290 469 2352 rati
517 2290 855 2353 invasuros
865 2310 882 2367 ;
932 2296 1077 2352 tum
1129 2289 1196 2350 in
1245 2294 1506 2352 noctem
1557 2288 1835 2351 dilatum
1888 2291 2225 2352 consilium
2275 2311 2430 2372 esse,

339 2409 473 2470 quo
511 2388 657 2470 plus
697 2390 957 2470 pavoris
996 2389 1307 2452 inferrent
1318 2409 1335 2465 ς
1375 2394 1706 2468 postremo
1747 2389 1860 2450 lux
1901 2390 2432 2471 adpropinquans

267 2505 301 2548 8
335 2490 711 2553 exanimare
721 2509 738 2567 ;
785 2489 1133 2570 timorique
1178 2494 1494 2568 perpetuo
1539 2488 1753 2567 ipsum
1801 2490 2048 2552 malum
2096 2491 2450 2553 continens*

337 2589 486 2666 fuit,
517 2610 667 2652 cum
712 2589 898 2669 signa
942 2588 1182 2651 infesta
1226 2588 1433 2668 portis
1477 2595 1634 2651 sunt
1679 2588 1903 2653 inlata.
1998 2590 2432 2670 Nequaquam

336 2694 564 2752 tamen
614 2709 693 2752 ea
742 2695 935 2752 nocte
986 2709 1197 2768 neque
1248 2687 1616 2774 insequenti
1667 2689 1770 2750 die
1822 2688 2046 2752 similis
2100 2689 2208 2766 illi,
2265 2709 2432 2770 quae

266 2805 301 2848 9
338 2789 422 2852 ad
475 2788 687 2852 Aliam
740 2795 878 2851 tam
931 2789 1168 2868 pavide
1219 2787 1496 2866 fugerat,
1551 2788 1782 2850 civitas
1833 2788 1977 2851 fuit.
2077 2788 2246 2851 Nam
2286 2809 2432 2851 cum

336 2888 599 2951 defendi
639 2888 866 2951 urbem
907 2908 1095 2968 posse
1134 2893 1276 2950 tam
1316 2907 1526 2966 parva
1565 2888 1788 2950 relicta
1829 2909 2030 2951 manu
2069 2909 2215 2968 spes
2257 2889 2434 2950 nulla

397 3092 449 3135 8.
480 3090 735 3142 ignotam
764 3109 807 3124 =
833 3090 1059 3142 ignotum,
1079 3089 1149 3141 by
1164 3087 1341 3140 hypal-
1501 3088 1551 3132 7.
1584 3089 1714 3141 rati,
1755 3093 1928 3134 etc.:=
1954 3100 2061 3133 cum
2099 3091 2309 3134 rerentur
2344 3091 2437 3134 im-

336 3159 461 3209 lage.
524 3159 775 3209 tuasque
804 3159 1019 3209 portas:
1051 3157 1190 3199 “and
1222 3157 1341 3199 like·
1436 3158 1596 3208 petum
1640 3157 1856 3207 futurum
1913 3158 1983 3206 (=
2022 3159 2293 3209 invasuros)
2339 3169 2436 3201 esse

335 3228 451 3269 wlse
480 3226 567 3269 the
595 3226 793 3268 various
824 3225 1013 3276 gates.”
1076 3225 1166 3268 See
1195 3235 1259 3266 on
1296 3225 1337 3266 1.
1436 3226 1545 3266 ante
1567 3226 1759 3267 noctem.
1811 3224 1915 3268 The
1944 3225 2186 3268 reference
2214 3225 2266 3268 in
2283 3227 2378 3268 rati
2394 3227 2435 3268 is

338 3295 414 3338 20.
460 3295 506 3336 3.
586 3300 871 3345 quaenam
919 3320 933 3334 .
982 3320 997 3334 .
1046 3320 1061 3334 .
1106 3291 1339 3335 concilia
1436 3291 1658 3341 obvious,
1689 3291 1787 3333 and
1817 3292 1882 3334 its
1912 3291 2246 3335 introduction
2278 3292 2436 3336 deter-

336 3361 548 3406 euent:
597 3360 741 3402 indir.
796 3360 1022 3409 question
1074 3359 1202 3402 after
1253 3359 1340 3402 the
1436 3361 1593 3402 mines
1622 3359 1708 3403 the
1747 3359 1874 3402 form
1912 3360 1964 3401 of
2003 3359 2088 3402 the
2116 3361 2216 3402 tum
2256 3359 2433 3404 clause.

335 3429 448 3473 idea
471 3429 524 3470 in
550 3426 934 3478 exploratoribus.
1437 3424 1781 3468 exanimare:
1811 3425 1873 3469 cr.
1904 3425 2065 3468 vereri.
2137 3424 2224 3474 (1).

400 3498 449 3540 δ.
483 3494 765 3546 publicus:
796 3494 1057 3544 objective.
1500 3494 1550 3535 8.
1584 3493 1888 3543 timorique
1938 3521 1952 3535 .
2002 3521 2016 3536 .
2067 3521 2081 3534 .
2125 3491 2262 3536 mit:
2309 3492 2434 3535 “the

400 3565 449 3607 ⁸.
481 3563 600 3607 lam
640 3591 654 3605 .
694 3591 709 3605 .
750 3591 763 3604 .
798 3561 1055 3605 tuturus:
1092 3561 1234 3612 “just
1272 3572 1338 3603 on
1435 3561 1563 3604 blow
1589 3561 1721 3605 itseli’
1747 3560 1970 3603 followed
1996 3559 2120 3602 hard
2147 3570 2282 3611 upon
2307 3559 2434 3602 their

336 3630 423 3674 the
450 3631 590 3684 point
620 3631 673 3672 of
701 3630 847 3680 being
874 3629 1071 3672 made.”
1132 3628 1339 3672 adven·
1436 3629 1702 3672 continued
1732 3629 1834 3671 fear
1861 3628 1913 3670 of
1939 3627 2032 3670 it.”

335 3699 449 3749 tus,
486 3701 601 3742 etc.:
639 3698 725 3741 the
758 3698 860 3740 fact
896 3697 948 3739 of
980 3696 1109 3739 their
1143 3697 1339 3746 coming
1497 3697 1548 3739 9.
1580 3697 1644 3739 in
1715 3703 1900 3738 arcem
1958 3694 2432 3746 Capitoliumque:

335 3776 401 3808 on
435 3769 489 3808 to
523 3765 608 3808 the
643 3765 746 3816 city
780 3765 832 3806 in
866 3764 1009 3807 haste
1043 3763 1246 3815 pointed
1282 3767 1338 3806 to
1436 3762 1522 3806 the
1565 3762 1801 3805 northern
1845 3761 1943 3804 and
1988 3761 2224 3804 southern
2268 3763 2432 3813 points

336 3843 400 3875 an
441 3833 727 3875 immediate
768 3832 953 3881 attack,
997 3831 1211 3874 likewise
1252 3830 1337 3873 the
1434 3830 1758 3883 respectively
1790 3829 1842 3870 or
1873 3829 1958 3874 the
1989 3829 2276 3882 Capitoline.

334 3899 437 3946 late
466 3900 591 3946 honr
619 3900 671 3944 of
700 3899 786 3945 the
815 3899 929 3972 day.
1383 3891 1390 3942 Ι
