2925 4375
398 266 400 268 ’
466 275 540 327 20
1275 269 1497 324 TITUS
1533 270 1791 324 LIVIUS

467 453 711 517 divisui
765 452 958 533 suere,
1024 455 1079 515 1.
1141 454 1242 515 54.
1305 454 1358 515 9.
1471 472 1520 512 c.
1566 451 1703 514 The
1764 450 2050 515 ablative
2115 452 2207 527 (1)
2272 472 2427 531 may
2486 452 2567 517 be

469 552 627 617 used
669 552 770 615 for
809 550 1118 614 duration
1157 549 1228 611 of
1266 550 1452 614 time:
1533 552 1760 630 quibus
1807 552 2050 628 (anni-s)
2096 551 2264 614 Alba
2302 560 2562 630 steterat,

474 658 526 717 1..
577 656 676 717 29.
727 655 793 729 6;
839 650 921 715 cf.
971 656 1029 716 9.
1079 654 1138 713 3.
1193 655 1287 714 10.
1384 651 1476 727 (2)
1528 650 1787 714 Several
1836 650 2156 715 ablatives
2202 672 2309 715 are
2354 673 2565 716 some-

468 754 661 817 times
717 750 970 831 heaped
1027 751 1327 829 together
1382 750 1451 813 in
1509 750 1832 828 different,
1891 771 1967 814 or
2019 751 2567 832 interdependent

468 851 972 917 constructions:
1075 852 1497 913 adnuentibus
1547 871 1621 913 ac
1671 853 2032 914 vocantibus
2083 854 2223 914 suis
2281 851 2438 929 (and
2495 873 2565 916 as

470 973 510 1015 a
540 952 768 1028 result)
805 953 1013 1031 favore
1052 950 1296 1025 (cause)
1335 952 1673 1012 multorum
1705 952 1915 1013 addito
1948 953 2184 1027 anime,
2227 959 2279 1016 1.
2324 956 2419 1016 12.
2462 957 2537 1016 10
2546 972 2564 1029 ;

468 1052 548 1116 cf.
595 1058 648 1115 1.
689 1056 789 1114 34.
835 1056 936 1127 11;
975 1053 1033 1114 7.
1075 1053 1173 1112 32.
1222 1056 1272 1112 1.

552 1154 610 1212 2.
659 1151 1100 1213 ADJECTIVES.
1225 1170 1284 1211 a.
1358 1150 1587 1229 Freely
1678 1150 1837 1213 used
1928 1172 1999 1215 as
2088 1151 2563 1217 substantives:

467 1254 777 1333 proxima,
818 1249 1025 1312 Praef.
1066 1253 1132 1325 43
1170 1250 1441 1326 hostilia,
1488 1254 1541 1312 1.
1582 1253 1681 1313 59.
1722 1255 1787 1327 4;
1822 1253 2220 1329 immensum,
2260 1255 2317 1315 5.
2357 1255 2458 1316 37.
2497 1255 2563 1328 5;

466 1354 650 1428 iusto,
694 1354 753 1414 9.
799 1351 894 1413 17.
941 1353 995 1412 1.
1085 1350 1139 1411 b.
1188 1349 1277 1413 As
1320 1350 1736 1413 substantive
1788 1351 2134 1430 especially
2172 1352 2241 1415 in
2279 1352 2567 1432 preposi-

466 1450 676 1516 tional
720 1451 1012 1531 phrases:
1095 1470 1170 1513 ex
1211 1452 1451 1530 infimO,
1505 1456 1556 1512 1.
1605 1454 1661 1513 9.
1709 1454 1775 1527 3;
1818 1454 1894 1513 in
1936 1459 2081 1528 tuto,
2129 1456 2187 1515 3.
2234 1455 2335 1515 45.
2383 1456 2447 1529 9;
2491 1472 2566 1515 exv

467 1572 680 1631 aeque,
732 1554 789 1614 7.
839 1554 940 1613 30.
991 1554 1048 1612 2.
1139 1572 1188 1612 c.
1234 1550 1372 1613 The
1419 1570 1656 1630 proper
1704 1550 2027 1630 adjective
2073 1551 2127 1614 is
2173 1552 2358 1615 often
2406 1552 2562 1615 used

467 1672 540 1717 as
573 1673 612 1715 a
644 1651 978 1714 collective
1011 1671 1216 1713 noun:
1281 1652 1627 1727 Romanu-3,
1668 1655 1720 1712 1.
1758 1655 1857 1713 29.
1894 1654 1933 1714 6
1942 1672 1958 1728 ;
1994 1656 2050 1715 9.
2086 1655 2143 1714 2.
2182 1659 2220 1719 5
2230 1672 2247 1729 ;
2281 1654 2561 1729 Samnis,

469 1756 526 1817 7.
571 1755 671 1814 33.
721 1756 821 1827 15;
865 1754 920 1813 9.
966 1755 1022 1813 4.
1068 1755 1126 1813 4.
1215 1753 1275 1813 d.
1324 1750 1428 1813 An
1470 1751 1793 1829 adjective
1832 1750 1887 1813 is
1927 1751 2566 1833 frequentlyequiv-

468 1852 644 1916 alent
673 1858 743 1915 to
774 1872 813 1915 a
841 1871 1018 1913 noun
1046 1850 1113 1912 in
1141 1852 1254 1914 the
1293 1850 1603 1929 genitive:
1659 1854 1981 1932 puerilem,
2019 1858 2071 1915 1.
2103 1856 2162 1915 4.
2195 1856 2234 1915 6
2244 1874 2260 1929 ;
2297 1856 2561 1928 civilem,

467 1956 526 2016 3.
577 1956 678 2015 28.
730 1955 797 2028 43
846 1952 1244 2027 Quinctiano,
1297 1954 1355 2013 3.
1408 1954 1507 2014 28.
1561 1955 1619 2013 8.
1708 1952 2043 2033 e.-Verbal
2092 1952 2449 2031 adjectives
2494 1951 2565 2015 in

466 2054 744 2115 -bundus
783 2045 892 2114 are
933 2051 1255 2131 frequent,
1299 2051 1551 2129 though
1592 2056 1710 2113 not
1750 2051 2102 2131 ordinarily
2143 2051 2301 2115 used
2342 2051 2409 2114 in
2450 2052 2565 2115 the

467 2152 613 2217 best
655 2171 866 2232 prose:
946 2152 1436 2228 venerabunduS,
1486 2156 1539 2214 1.
1589 2154 1683 2215 16.
1729 2154 1793 2228 6;
1850 2155 2203 2229 errabundi,
2252 2156 2305 2215 1.
2350 2155 2450 2215 29.
2495 2154 2563 2229 33

465 2256 1000 2327 deliberabundus‘,
1045 2256 1098 2314 1.
1140 2255 1238 2314 54.
1280 2255 1344 2328 6;
1417 2251 1498 2314 cf.
1553 2255 1611 2314 3.
1666 2255 1766 2315 46.
1807 2256 1873 2328 8;
1944 2256 2043 2315 47.
2098 2256 2164 2330 3;
2215 2254 2272 2315 7.
2314 2256 2415 2315 33.
2460 2256 2563 2329 183

465 2357 524 2416 9.
572 2355 664 2416 17.
710 2355 803 2416 17.
981 2360 992 2369 '

551 2457 607 2516 3.
658 2455 1176 2515 PREPOSITIONS.
1266 2473 1325 2514 a.
1374 2452 1474 2514 Ab
1518 2454 1609 2528 (1)
1656 2453 1893 2530 causal,
1935 2474 2075 2516 rare
2114 2454 2333 2516 before
2373 2453 2561 2531 Livy,

465 2553 520 2618 is
547 2552 900 2617 extended:
955 2553 1034 2614 ab
1062 2553 1308 2628 honore,
1347 2557 1399 2614 1.
1433 2557 1491 2615 8.
1526 2555 1564 2616 7
1574 2572 1590 2629 ;
1621 2554 1697 2614 ab
1725 2556 2015 2615 secundis
2042 2555 2239 2629 rebus‘,
2273 2557 2330 2617 5.
2362 2555 2462 2614 44.
2496 2557 2535 2616 6
2544 2572 2564 2630 3

465 2656 542 2717 ab
575 2654 894 2730 memoria,
933 2656 990 2716 5.
1028 2654 1129 2715 47.
1173 2657 1266 2714 11.
1363 2653 1454 2729 (2)
1496 2651 1596 2714 Ab
1630 2650 1683 2714 is
1717 2652 1917 2730 freely
1954 2652 2110 2715 used
2144 2653 2304 2716 with
2338 2672 2564 2715 names

465 2755 535 2818 of
581 2754 790 2818 cities:
882 2754 960 2815 ab
1014 2754 1405 2832 Tarquinii&
1463 2757 1516 2814 1.
1568 2755 1667 2814 34.
1720 2755 1785 2828 53
1834 2755 1911 2814 ab
1958 2752 2187 2828 Ardea,
2238 2756 2297 2816 5.
2349 2755 2449 2814 46.
2502 2753 2559 2814 7.

465 2857 518 2917 b.
569 2855 692 2932 Ad,
743 2854 988 2917 causal:
1034 2855 1116 2915 ad
1161 2853 1326 2928 haec,
1376 2855 1434 2914 2.
1486 2856 1585 2914 23.
1636 2854 1673 2914 7
1685 2872 1701 2928 ;
1748 2853 1829 2914 ad
1876 2855 2188 2932 strepitu-3,
2238 2857 2295 2914 5.
2346 2854 2446 2914 47.
2496 2855 2563 2929 3;

463 2957 546 3018 ad
582 2963 884 3030 terrorem,
922 2957 979 3018 9.
1019 2956 1172 3024 2.,5.
1263 2974 1312 3014 c.
1361 2953 1888 3028 Circeia-circum,
1931 2957 1984 3015 1.
2022 2955 2080 3015 9.
2118 2956 2183 3028 2;
2220 2954 2276 3014 7.
2316 2956 2415 3015 33.
2460 2955 2562 3028 13;

482 3059 873 3135 =utrimque,
920 3060 972 3117 1.
1013 3057 1071 3115 4.
1113 3056 1178 3129 6;
1217 3056 1274 3115 9.
1315 3057 1374 3115 2.
1416 3055 1476 3116 7.
1562 3055 1622 3116 d.
1664 3053 1760 3114 De
1809 3073 1881 3114 or
1931 3073 2023 3129 ex,
2063 3052 2366 3132 frequent
2404 3051 2563 3114 with

463 3153 878 3218 substantive
907 3153 1117 3216 words
1147 3159 1218 3216 to
1249 3153 1416 3215 form
1449 3152 1774 3231 adjective
1803 3172 1877 3214 or
1906 3152 2238 3215 adverbial
2269 3152 2561 3232 phrases:

431 3277 537 3318 ‘ex
581 3256 920 3330 industria,
979 3260 1028 3316 1.
1081 3257 1138 3316 9.
1191 3256 1255 3329 6;
1303 3256 1376 3316 de
1421 3255 1677 3330 intequ,
1735 3257 1787 3314 1.
1844 3257 1937 3315 19.
1996 3258 2054 3329 1;
2102 3273 2176 3315 ex
2220 3254 2560 3332 insperato,

471 3360 520 3424 1,
567 3359 665 3418 25.
711 3358 775 3430 9;
816 3357 890 3416 de
929 3355 1116 3434 plebe,
1161 3357 1217 3417 5.
1263 3356 1361 3415 32.
1406 3356 1464 3415 6.
1556 3375 1603 3414 e.
1650 3354 1731 3414 In
1775 3353 1866 3429 (1)
1913 3353 2086 3429 final,
2129 3351 2229 3415 i.e.
2273 3372 2564 3432 express-

463 3455 574 3533 ing
612 3454 936 3531 tendency
974 3475 1048 3516 or
1086 3473 1385 3534 purpose,
1427 3453 1483 3516 is
1520 3453 1873 3516 ex'tended:
1948 3455 2024 3516 in
2059 3473 2252 3532 spem,
2302 3458 2352 3514 1.
2396 3456 2452 3514 8.
2495 3454 2534 3513 4
2545 3472 2562 3527 ;

463 3557 537 3618 in
568 3575 761 3616 vanos
794 3556 1117 3629 tumultu-3,
1155 3557 1212 3617 5.
1250 3555 1350 3615 37.
1387 3557 1446 3616 8.
1544 3555 1634 3629 (2)
1676 3555 1758 3615 In
1788 3552 1842 3615 is
1876 3553 2247 3633 frequently
2281 3550 2561 3615 omitted

465 3655 621 3718 with
663 3656 776 3718 the
819 3654 968 3731 abl.,
1013 3675 1083 3717 as
1122 3653 1307 3717 often
1345 3652 1414 3716 in
1454 3661 1715 3733 poetry:
1794 3655 1931 3716 sede
1970 3655 2204 3728 sedem,
2256 3659 2306 3716 1.
2352 3656 2451 3715 41.
2496 3653 2561 3727 63

463 3757 663 3818 medio
712 3756 982 3830 aedium,
1035 3759 1091 3818 5.
1145 3757 1243 3816 41.
1297 3758 1354 3816 2.
1444 3755 1489 3833 f.
1540 3755 1726 3831 Inter,
1778 3753 1845 3814 in
1896 3775 1935 3818 a
1981 3753 2302 3832 temporal
2350 3771 2562 3815 sense:

461 3856 624 3920 inter
653 3856 1009 3931 tumultum,
1051 3860 1101 3916 1.
1137 3857 1193 3917 6.
1237 3861 1295 3930 1;
1327 3856 1490 3916 inter
1519 3855 1957 3935 accipiendum
1988 3872 2236 3929 aurum,
2272 3856 2329 3915 9.
2371 3858 2463 3915 11.
2500 3855 2558 3916 6.
