2925 4375
227 270 493 326 xxxviii.
530 269 584 334 4]
1143 268 1378 321 LIBER
1415 269 1462 322 V
2248 269 2350 321 113

228 448 570 526 ficabant,
645 468 1057 530 quacumque
1128 447 1333 525 ibant,
1407 446 1592 529 equis
1663 446 1946 528 virisque
2018 446 2204 528 longe
2274 470 2349 513 ac

155 559 193 603 6
230 548 391 613 late
435 549 582 614 fuso
628 550 883 631 agmine
926 549 1319 612 immensum
1364 548 1737 625 obtinentes
1782 546 1922 611 loci.
2013 548 2135 612 Sed
2169 556 2350 612 ante·
2415 545 2417 549 ’

232 648 532 713 cedente
609 649 789 714 fama
863 648 1239 728 nuntiisque
1316 647 1745 725 Clusinorum,
1822 647 2126 728 deinceps
2201 648 2351 712 inde

234 747 535 813 aliorum
605 747 1015 829 populorum,
1086 748 1439 830 plurimum
1510 748 1771 812 terroris
1841 749 2124 812 Romam
2194 748 2352 811 cele-

161 858 195 903 7
233 850 419 913 ritas
478 849 768 912 hostium
826 847 1000 925 tulit,
1062 849 1304 930 quippe
1364 848 1620 929 quibus,
1683 848 1864 911 velut
1921 848 2351 912 tumultuario

236 950 550 1013 exercitu
610 948 852 1028 raptim
913 948 1132 1025 duct0‚
1198 968 1383 1028 aegre
1443 948 1530 1014 ad
1591 947 2009 1012 undecimum
2070 948 2351 1028 lapidem

236 1068 601 1113 occursum
654 1053 775 1125 est,
831 1069 964 1130 qua
1018 1049 1259 1111 flumen
1314 1047 1477 1125 Alia,
1535 1048 1966 1113 Crustuminis
2020 1048 2353 1112 montibus

238 1148 553 1229 praealto
596 1148 887 1212 defluens
930 1148 1135 1225 alveo,
1181 1147 1357 1211 haud
1403 1148 1686 1211 multum
1730 1148 1902 1219 infra
1943 1148 2122 1211 viam
2164 1149 2353 1211 Tibe-

163 1258 201 1303 8
237 1248 399 1311 rino
429 1247 607 1312 amni
635 1246 961 1312 miscetur.
1052 1248 1196 1312 Iam
1228 1248 1450 1311 omnia
1481 1254 1712 1311 contra
1743 1248 2038 1329 circaque
2065 1249 2351 1311 hostium

240 1346 453 1429 plena
488 1354 698 1424 erant,
738 1354 806 1411 et
843 1354 1004 1411 nata
1039 1348 1107 1410 in
1146 1369 1351 1412 vanos
1388 1347 1717 1411 tumultus
1755 1368 1910 1427 gens
1948 1348 2115 1411 truci
2153 1355 2352 1412 cantu

240 1447 780 1528 clamoribusque
811 1448 1007 1511 variis
1036 1447 1357 1511 horrendo
1388 1454 1627 1511 cuncta
1656 1448 2141 1529 compleverant
2170 1469 2349 1512 sono.

172 1558 200 1602 1
381 1546 783 1614 XXXVIII.
830 1546 932 1611 Ibi
1006 1547 1251 1609 tribuni
1325 1547 1629 1625 militum,
1705 1569 1838 1611 non
1911 1547 2051 1611 loco
2126 1549 2352 1612 castris

241 1655 413 1713 ante
464 1654 683 1730 capto,
735 1669 869 1713 non
900 1638 1331 1730 'praemunito
1383 1647 1575 1724 vallo,
1631 1669 1761 1729 quo
1811 1654 2110 1728 receptus
2159 1654 2348 1723 esset,

243 1770 391 1812 non
451 1748 723 1814 deorum
781 1748 1037 1825 saltem,
1100 1748 1154 1812 si
1191 1770 1347 1814 .non
1408 1748 1769 1825 hominum,
1835 1768 2169 1823 memores,
2234 1767 2351 1810 nec

245 1849 597 1928 auspicato
630 1869 748 1913 nec
782 1849 973 1913 litato
1006 1848 1340 1911 instruunt
1374 1848 1580 1911 aciem
1613 1848 1952 1911 diductam
1986 1848 2054 1909 in
2088 1868 2347 1923 cornua,

174 1958 207 1999 2
244 1968 335 2011 ne
373 1948 825 2012 circumveniri
862 1947 1284 2011 multitudine
1319 1947 1608 2010 hostium
1644 1954 1937 2030 possent;
1973 1967 2090 2011 nec
2128 1945 2349 2010 tame'n

246 2047 521 2129 aequari
569 2048 816 2111 frontes
866 2054 1191 2127 poterant,
1243 2068 1393 2111 cum
1441 2047 1861 2110 extenuando
1911 2048 2233 2109 infirmam
2283 2054 2350 2110 et

247 2150 368 2212 vix
404 2149 858 2214 cohaerentem
897 2147 1178 2210 mediam
1218 2148 1421 2210 aciem
1459 2146 1793 2211 haberent.
1888 2146 2165 2210 Paulum
2209 2152 2350 2210 erat

215 2249 338 2312 'ab
385 2248 658 2312 dextera
704 2247 865 2311 editi
913 2247 1057 2324 loci,
1108 2267 1302 2328 quem
1350 2247 1753 2311 subsidiariis
1800 2247 2029 2327 repleri
2077 2247 2348 2328 placuit;

243 2369 460 2430 eaque
514 2368 615 2411 res
672 2354 749 2411 ut
803 2347 1066 2411 initium
1123 2347 1384 2429 pavoris
1441 2369 1516 2411 ac
1573 2347 1782 2428 fugae,
1841 2349 1931 2410 sic
1988 2368 2122 2411 una
2176 2346 2350 2411 salus

177 2457 209 2500 3
244 2448 657 2528 fugientibus
694 2448 841 2512 fuit.
934 2448 1105 2510 Nam
1168 2448 1485 2523 Brennus,
1548 2448 1806 2528 regulus
1867 2447 2219 2523 Gallorum,
2284 2447 2350 2510 in

245 2550 586 2629 paucitate
641 2548 932 2611 hostium
989 2553 1199 2610 artem
1254 2548 1539 2610 maxime
1593 2547 1850 2624 timenS,
1909 2554 2090 2611 ratus
2144 2546 2227 2610 ad
2283 2547 2348 2609 id

244 2654 521 2728 captum
562 2647 961 2727 superiorem
1004 2646 1238 2722 locum,
1282 2652 1379 2723 ut,
1423 2647 1538 2709 ubi
1582 2648 1748 2710 Galli
1790 2668 1939 2711 cum
1983 2647 2118 2711 acie
2159 2646 2350 2727 legio-

244 2768 411 2811 num
482 2754 663 2812 recta
735 2747 950 2811 fronte
1023 2745 1517 2822 concurrissent,
1591 2748 1881 2811 subsidia
1951 2748 2018 2809 in
2091 2767 2349 2811 aversos

244 2855 786 2929 transversosque
845 2849 1169 2928 impetum
1231 2847 1484 2922 darent,
1548 2846 1630 2910 ad
1691 2847 2108 2911 subsidiarios
2166 2847 2349 2927 signa

176 2957 209 2999 4
244 2949 595 3024 convertit,
655 2948 711 3011 si
765 2969 875 3012 eos
932 2947 1072 3013 loco
1131 2945 1508 3028 depulisset,
1566 2947 1742 3010 haud
1800 2947 2038 3010 dubius
2093 2947 2346 3011 facilem

241 3048 315 3110 in
355 3068 565 3128 aequo
608 3048 823 3129 campi
862 3055 1129 3112 tantum
1165 3046 1505 3127 superanti
1545 3046 1968 3110 multitudine
2006 3046 2346 3110 victoriam

307 3252 360 3295 τ.
391 3249 666 3302 lapidem:
727 3249 1076 3294 “mlestone.’'
1166 3256 1254 3294 οο-
1348 3249 1537 3294 litato:
1601 3246 1717 3291 here
1781 3245 1965 3299 merely
2029 3247 2082 3290 ot
2144 3249 2350 3301 offering

241 3326 478 3364 mutum
536 3319 649 3362 est:
705 3318 1017 3370 impersonal.
1110 3318 1251 3361 After
1347 3318 1564 3360 sacrifice
1581 3317 1793 3360 without
1812 3316 2053 3367 implying
2069 3317 2136 3360 its
2154 3322 2344 3370 accept-

240 3387 423 3440 quippe
455 3386 542 3438 qui
575 3385 743 3430 causa!
777 3395 833 3428 as
866 3385 982 3429 here
1015 3384 1103 3429 the
1135 3385 1252 3428 sub-
1346 3395 1484 3428 ance.

239 3455 468 3507 junctive
488 3454 531 3496 is
552 3464 691 3496 more
711 3463 955 3496 common.
1408 3453 1460 3496 8.
1496 3454 1775 3497 Brennus:
1809 3461 1840 3493 a
1876 3451 2129 3495 Latinized
2153 3453 2279 3496 torm
2297 3455 2348 3496 of

307 3523 357 3564 8.
391 3521 558 3572 truci.
610 3525 727 3565 etc:
776 3521 840 3565 ct.
891 3521 1027 3564 Caes,
1077 3521 1136 3565 B.
1187 3521 1247 3565 G.
1347 3520 1433 3563 the
1455 3519 1607 3563 Celtic
1629 3519 1759 3567 bran,
1779 3519 2036 3569 “minoe”
2103 3519 2192 3563 See
2213 3531 2277 3562 on
2302 3524 2344 3563 2.

240 3590 289 3634 5.
345 3589 423 3633 3¹7.
471 3589 501 3632 3
554 3597 684 3632 more
733 3598 822 3632 wo
875 3588 1113 3631 ululatum
1164 3589 1251 3632 tol·
1346 3589 1391 3630 9.
1420 3588 1461 3630 1.
1529 3587 1592 3630 in
1614 3586 1901 3637 paucitate
1940 3615 1954 3630 .
2001 3615 2016 3628 .
2063 3616 2078 3629 .
2111 3587 2345 3631 timens:

240 3656 363 3700 lunt.
1344 3655 1421 3697 Le.
1465 3665 1522 3696 so
1563 3655 1655 3696 few
1698 3665 1822 3697 were
1863 3654 1915 3696 in
1957 3654 2087 3704 sight
2130 3654 2242 3698 that
2284 3655 2347 3698 he

305 3721 609 3767 XXXVIII.
643 3722 694 3770 1,.
727 3730 845 3765 non
876 3751 891 3766 .
924 3751 940 3766 .
974 3750 988 3764 .
1017 3721 1245 3766 saltent
1344 3721 1509 3764 feared
1537 3732 1674 3764 some
1698 3725 1980 3770 strategem.

250 3807 295 3825 ι-
320 3801 383 3833 ne
421 3821 434 3834 .
476 3821 489 3833 .
530 3820 544 3835 .
584 3789 787 3840 quidem.
862 3789 1038 3832 Before
1076 3789 1163 3832 the
1200 3789 1246 3831 ει·
1405 3789 1455 3831 4.
1489 3789 1538 3833 ⁸1
1563 3818 1577 3833 .
1602 3818 1615 3831 .
1642 3818 1655 3831 .
1677 3788 2198 3840 depmissetzrender
2218 3791 2346 3832 after

240 3857 405 3906 clause
460 3857 501 3904 it
559 3857 602 3902 is
659 3856 919 3912 especially
977 3856 1242 3912 emphatic.
1342 3855 1473 3902 haud
1509 3857 1700 3903 dubius.
1773 3857 2087 3909 superanti:
2128 3868 2193 3903 sc.
2234 3857 2338 3903 sibi.
