2925 4375
407 530 457 570 11

407 728 463 769 12

432 2720 463 2762 5

434 2919 464 2960 6

501 2914 762 2988 temptu
820 2910 1105 2972 hostium
1165 2911 1582 2973 commissum
1639 2916 1756 2974 est.

500 238 603 293 134
1424 235 1491 292 Τ.
1526 234 1686 292 LIVI

2317 232 2491 300 [xxxi.
2534 234 2600 287 10

498 419 732 495 verbiS,
794 426 870 483 ut
929 421 1155 499 Capua
1211 419 1372 482 urbe
1429 420 1896 500 Campanoque
1957 440 2109 498 agro
2171 417 2595 481 abstinerent.

499 521 678 582 Haec
733 519 962 598 legatis
1000 519 1343 597 agentibus
1394 519 1462 581 in
1517 518 1785 582 concilio
1831 518 2224 582 Samnitium
2281 517 2443 580 adeo
2495 524 2602 580 est

497 619 798 682 ferociter
818 639 1222 698 responsum,
1248 626 1324 681 ut
1348 640 1481 681 non
1503 618 1714 681 solum
1738 625 2032 696 gesturos
2054 638 2122 680 se
2145 638 2284 680 esse
2307 617 2600 679 dicerent

496 719 562 780 id
608 718 871 794 bellum,
918 719 1032 781 sed
1078 718 1501 796 magistratus
1545 738 1770 781 eorum
1813 738 1850 779 e
1895 718 2073 780 curia
2113 717 2349 796 egressi
2418 724 2603 779 stan-

499 819 677 882 tibus
721 818 951 897 legatis
995 816 1357 897 praefectos
1403 818 1770 880 cohortium
1817 824 2127 880 vocarent
2172 816 2379 897 iisque
2425 816 2604 879 clara

498 938 659 981 voce
713 918 1129 997 imperarent,
1191 924 1266 979 ut
1325 917 1717 996 praedatum
1773 917 1841 978 in
1901 936 2127 995 agrum
2186 917 2602 995 Campanum

500 1017 831 1096 extemplo
867 1017 1439 1095 proficiscerentur.

623 1115 923 1179 XXXII.
972 1117 1115 1178 Hac
1220 1114 1541 1195 legatione
1647 1117 1929 1179 Romam
2035 1116 2258 1190 relata,
2367 1116 2602 1194 positis

499 1216 793 1280 omnium
849 1215 1122 1278 aliarum
1178 1208 1393 1277 rerum
1449 1215 1637 1291 curis,
1696 1223 1916 1295 patres
1971 1213 2301 1277 fetialibus
2359 1214 2442 1277 ad
2498 1236 2603 1277 res

499 1315 887 1394 repetendas
983 1315 1192 1377 missis
1287 1314 1605 1395 belloque,
1705 1316 1860 1395 quia
1939 1336 2072 1377 non
2151 1315 2598 1389 redderentur,

499 1413 794 1477 sollemni
857 1434 1035 1477 more
1098 1415 1345 1477 indicto
1408 1415 1857 1490 decreverunt,
1924 1422 2000 1477 ut
2061 1414 2272 1494 primo
2337 1434 2602 1494 quoque

500 1520 794 1593 tempore
832 1513 912 1575 de
950 1534 1029 1575 ea
1065 1534 1132 1576 re
1172 1514 1254 1577 ad
1292 1513 1610 1594 populum
1637 1514 1930 1576 ferretur.
2016 1514 2338 1594 Iussuque
2365 1512 2597 1593 populi

504 1614 797 1675 consules
858 1613 1052 1676 ambo
1113 1634 1263 1675 cum
1322 1613 1580 1675 duobus
1620 1596 2029 1677 ‘exercitibus
2090 1614 2174 1676 ab
2233 1612 2394 1675 urbe
2455 1633 2603 1691 pro-

505 1712 677 1788 fecti,
738 1713 1032 1775 Valerius
1089 1713 1158 1775 in
1214 1714 1662 1792 Campaniam,
1723 1713 2052 1776 Cornelius
2109 1713 2178 1774 in
2235 1713 2598 1787 Samnium,

501 1812 603 1873 ille
638 1812 719 1874 ad
754 1819 1045 1875 montem
1079 1813 1392 1889 Gaurum,
1427 1813 1530 1875 hic
1565 1813 1646 1875 ad
1681 1811 2039 1875 Saticulam
2072 1820 2288 1874 castra
2316 1819 2596 1892 ponunt.

502 1911 704 1973 Priori
748 1911 1004 1974 Valerio
1048 1913 1442 1975 Samnitium
1486 1912 1765 1991 legiones
1788 1932 1968 1975 —eo
2003 1932 2289 1992 namque
2331 1932 2596 1973 omnem

501 2010 649 2072 belli
690 2011 927 2073 molem
965 2010 1427 2074 inclinaturam
1468 2012 2304 2075 censebant—occurrunt.
2388 2011 2594 2073 Simul

500 2110 565 2171 in
626 2111 993 2190 Campanos
1051 2111 1437 2173 stimulabat
1497 2111 1613 2188 ira,
1675 2118 1815 2173 tam
1876 2117 2216 2192 promptos
2275 2131 2450 2172 nunc
2513 2110 2595 2173 ad

500 2210 765 2273 ferenda
826 2232 999 2274 nunc
1065 2212 1148 2274 ad
1214 2212 1601 2274 accersenda
1644 2211 1954 2275 adversus
2016 2233 2084 2275 se
2149 2212 2409 2274 auxilia.
2502 2211 2595 2273 Ut

502 2330 654 2371 vero
705 2317 920 2372 castra
968 2311 1271 2373 Romana
1319 2311 1644 2387 viderunt,
1695 2312 1994 2375 ferociter
2039 2333 2156 2392 pro
2205 2331 2272 2374 se
2319 2311 2596 2392 quisque

498 2410 754 2487 signum
800 2410 996 2472 duces
1042 2431 1303 2490 poscere
1314 2431 1329 2486 ;
1378 2411 1721 2473 adfirmare
1765 2411 1993 2473 eadem
2041 2411 2306 2473 fortuna
2353 2411 2595 2472 Roma-

500 2529 657 2570 num
709 2510 1044 2588 Campano
1096 2510 1384 2573 laturum
1435 2530 1648 2589 opem,
1703 2531 1835 2591 qua
1885 2511 2257 2589 Campanus
2308 2510 2594 2572 Sidicino

499 2608 739 2671 tulerit.

623 2709 959 2771 XXXIII.
1010 2709 1353 2786 Proelium,
1400 2717 1476 2772 ut
1521 2710 1696 2790 quod
1742 2710 2025 2773 maxime
2068 2731 2404 2790 umquam,
2452 2710 2594 2790 pari

498 2829 611 2887 spe
657 2810 1009 2890 utrimque,
1060 2810 1283 2890 aequis
1329 2810 1594 2885 viribUS,
1644 2831 1792 2873 cum
1839 2809 2078 2872 fiducia
2121 2810 2219 2872 sui
2263 2809 2401 2872 sine
2448 2830 2598 2871 con-

1850 2909 2253 2972 Samnitibus
2289 2909 2597 2972 ferociam

562 3075 642 3120 12.
676 3075 987 3121 stantibus:
1017 3094 1059 3109 =
1086 3076 1398 3120 adstantibus,

563 3143 788 3189 XXXII.
814 3146 861 3186 1.
879 3143 1191 3187 tetlanbus:
1216 3145 1300 3186 the
1322 3145 1503 3195 college

500 3210 551 3251 of
584 3214 776 3262 twenty
798 3213 981 3264 fetiales
1003 3222 1128 3254 were
1151 3196 1502 3254 international

500 3278 806 3322 arbitrators.
879 3278 1015 3330 They
1052 3279 1327 3322 demanded
1365 3279 1504 3321 resti-

500 3347 679 3394 tution,
713 3345 935 3388 declared
965 3356 1065 3387 war
1094 3347 1221 3388 after
1248 3357 1278 3388 a
1306 3349 1424 3388 vote
1452 3332 1506 3389 of

500 3412 587 3455 the
618 3412 804 3464 people‚
840 3412 939 3454 and
973 3413 1199 3464 formally
1232 3413 1500 3455 concluded

502 3489 663 3530 peace.
801 3480 1189 3523 redderentur:
1294 3481 1501 3524 indirect

502 3547 730 3597 thought.
827 3549 930 3592 The
991 3549 1203 3592 demand
1265 3561 1367 3592 was
1427 3551 1504 3593 for

503 3615 805 3667 campanian
840 3621 1076 3668 property
1109 3617 1268 3660 which
1301 3618 1504 3660 became

503 3683 701 3725 Rome's
733 3683 995 3733 according
1025 3686 1079 3726 to
1111 3684 1197 3727 the
1228 3685 1501 3728 surrender.

501 3750 684 3799 primo
731 3757 977 3799 quoque:
1023 3750 1085 3792 cf.
1131 3761 1195 3791 on
1242 3753 1285 3793 3.
1332 3753 1408 3794 54.
1455 3753 1502 3793 5.

502 3815 605 3858 The
643 3819 826 3865 senate,
870 3817 1037 3865 acting
1075 3817 1150 3858 for
1188 3817 1274 3860 the
1312 3818 1499 3870 people,

1601 3077 1698 3119 had
1732 3077 1783 3119 in
1814 3077 1915 3120 fact
1949 3077 2150 3129 already
2181 3078 2331 3122 voted
2365 3079 2453 3122 the
2483 3088 2599 3121 war.

1663 3145 1713 3186 2.
1749 3145 2025 3188 Gaurum:
2070 3156 2188 3188 near
2233 3146 2320 3188 the
2363 3149 2500 3189 coast
2539 3147 2598 3189 N.

1601 3212 1653 3253 ot
1708 3212 1906 3255 Cumae.
1995 3212 2325 3257 Saticulam:
2381 3224 2410 3255 a
2467 3218 2600 3256 town

1602 3288 1736 3321 some
1774 3282 1857 3322 ten
1897 3279 2034 3321 miles
2072 3280 2130 3323 E.
2169 3280 2222 3323 os
2259 3281 2442 3332 Capua,
2483 3289 2602 3322 over

1603 3344 1688 3387 the
1725 3344 1945 3388 Samnite
1981 3346 2172 3390 border.

1664 3417 1712 3457 3.
1747 3412 2107 3459 stimulabat:
2140 3425 2206 3458 sc.
2229 3425 2319 3464 eos,
2355 3418 2411 3458 to
2441 3415 2602 3458 which

1602 3482 1824 3524 adversus
1855 3493 1903 3524 se
1934 3484 2097 3526 refers.

1664 3551 1714 3592 4.
1749 3551 1969 3595 tulerit:
1998 3563 2078 3596 see
2106 3553 2297 3597 Introd.
2320 3555 2376 3598 V.
2404 3556 2446 3597 4.
2473 3554 2508 3606 r.

1665 3617 1918 3662 XXXIII.
1954 3622 2002 3664 5.
2036 3620 2104 3664 ut
2142 3649 2155 3662 .
2194 3650 2207 3663 .
2247 3650 2261 3664 .
2295 3628 2602 3673 umquam:

1601 3695 1630 3726 a
1669 3685 1931 3730 shortened
1971 3689 2299 3739 comparison:
2337 3688 2436 3731 like
2475 3689 2600 3738 Eng.

1603 3752 1681 3795 “ir
1709 3763 1824 3796 ever
1853 3765 1952 3804 any
1981 3755 2132 3797 waS.”

1665 3822 1714 3863 6.
1747 3821 1996 3871 aequalis
2031 3821 2290 3866 victoria:
2327 3823 2398 3866 “a
2430 3824 2600 3867 record
