2925 4375
403 286 412 297 „
501 220 573 275 48
1411 216 1475 269 T.
1519 216 1676 269 L1v1
2016 260 2020 265 .
2380 218 2515 285 [xxi.
2564 220 2591 272 1

503 400 662 463 dum
700 399 997 480 proximo
1035 398 1248 479 legum
1287 419 1360 461 ac
1398 418 1756 478 poenarum
1795 406 1974 462 metu
2030 398 2366 464 civitatem
2419 420 2598 480 rege-

439 514 469 555 2
503 509 667 565 rent.
759 502 847 563 Et
871 519 1020 561 cum
1043 498 1167 577 ipsi
1187 518 1254 560 se
1277 499 1572 561 homines
1592 499 1660 560 in
1681 498 1865 576 regiS‚
1892 497 2074 561 velut
2095 499 2268 561 unici
2289 501 2592 579 exempli,

505 605 714 662 mores
762 587 1140 674 formarent,
1192 605 1335 661 tum
1385 598 1648 661 finitimi
1693 597 1896 660 etiam
1945 598 2188 677 populi,
2240 600 2353 679 qui
2400 606 2597 663 antea

505 707 737 776 castra,
793 720 925 761 non
975 699 1204 760 urbem
1258 698 1540 777 positam
1593 698 1662 759 in
1714 697 1927 760 medio
1981 698 2065 761 ad
2117 698 2593 762 sollicitandam

503 800 795 862 omnium
829 817 1056 876 pacem
1091 798 1517 873 crediderant,
1553 797 1622 859 in
1652 816 1797 859 eam
1833 797 2288 861 verecundiam
2323 798 2591 862 adducti

503 907 676 976 sunt,
741 906 820 963 ut
883 899 1218 962 civitatem
1283 904 1497 960 totam
1560 896 1630 959 in
1691 896 1942 960 cultum
2007 916 2261 961 versam
2324 898 2589 962 deorum

504 1000 744 1062 violare
778 999 1088 1062 ducerent
1124 998 1324 1061 nefas,

437 1112 466 1153 ⁶
629 1100 736 1162 Ita
783 1100 914 1162 duo
961 1099 1266 1179 deinceps
1311 1116 1510 1178 reges,
1561 1096 1725 1160 alius
1773 1096 1900 1161 alia
1946 1097 2076 1175 via,
2126 1098 2231 1161 ille
2278 1098 2445 1163 bello
2491 1100 2595 1163 hic

502 1218 681 1279 pace,
731 1200 1068 1262 civitatem
1116 1208 1459 1261 auxerunt.
1552 1197 1873 1260 Romulus
1916 1206 2168 1278 septem
2212 1206 2281 1263 et
2326 1200 2596 1279 triginta

503 1300 800 1378 regnavit
831 1317 1053 1374 annOS,
1087 1298 1306 1359 Numa
1344 1304 1477 1361 tres
1514 1304 1582 1360 et
1622 1298 2075 1377 quadraginta.
2164 1299 2331 1361 Cum
2371 1299 2590 1362 valida

438 1429 440 1431 v
503 1405 648 1461 tum
691 1405 1059 1478 temperata
1101 1404 1168 1460 et
1212 1397 1363 1459 belli
1404 1404 1473 1459 et
1515 1396 1695 1477 pacis
1739 1397 1988 1459 artibus
2030 1405 2172 1461 erat
2217 1399 2466 1461 civitas,

441 1513 462 1553 1
628 1498 856 1561 XXII.
910 1498 1164 1560 Numae
1193 1504 1402 1560 morte
1434 1495 1518 1559 ad
1549 1496 1990 1575 interregnum
2020 1516 2119 1558 res
2148 1498 2358 1561 rediit.
2434 1499 2595 1561 Inde

501 1598 762 1660 Tullum
830 1597 1205 1673 Hostilium,
1266 1603 1575 1677 nepotem
1646 1596 1906 1672 Hostili,
1976 1598 2157 1658 cuius
2231 1598 2300 1660 in
2373 1598 2597 1661 infima

503 1717 647 1760 arce
685 1697 856 1760 clara
884 1717 1105 1778 pugna
1134 1692 1444 1759 adversus
1486 1696 1761 1758 Sabinos
1798 1697 2031 1772 fuerat,
2062 1717 2276 1777 regem
2315 1698 2596 1778 populus

437 1812 466 1851 2
502 1798 688 1860 iussit
699 1818 715 1874 ;
772 1805 991 1877 patres
1049 1805 1346 1861 auctores
1396 1796 1574 1859 facti.
1666 1796 1791 1857 Hic
1850 1818 1981 1858 non
2036 1796 2246 1859 solum
2295 1798 2593 1878 proximo

501 1897 632 1976 regi
676 1897 1000 1958 dissimilis
1040 1897 1153 1959 sed
1194 1896 1464 1958 ferocior
1502 1896 1705 1958 etiam
1746 1916 1946 1975 quam
1988 1896 2307 1958 Romulus
2347 1898 2490 1960 fuit.

434 2010 465 2052 ο
625 1997 917 2059 ΧΧΠΙ.·
947 1996 1308 2076 Postquam
1372 1995 1608 2058 structi
1676 1996 2009 2076 utrimque
2087 1996 2377 2073 stabant,
2445 2017 2593 2059 cum

435 2111 464 2154 7
503 2096 722 2175 paucis
759 2116 1099 2176 procerum
1148 2096 1216 2157 in
1266 2095 1554 2157 medium
1598 2095 1794 2171 duces
1832 2095 2213 2175 procedunt.
2304 2096 2408 2157 Ibi
2448 2097 2592 2160 infit

415 2254 420 2258 ,
500 2197 817 2260 Albanus:
869 2197 1166 2259 ‘iniurias
1209 2203 1277 2259 et
1323 2217 1455 2258 non
1500 2195 1789 2258 redditas
1833 2215 1952 2272 reS,
2001 2215 2083 2257 ex
2128 2197 2383 2258 foedere
2420 2217 2589 2277 quae

498 2297 813 2377 repetitae
873 2296 1027 2372 sint,
1080 2304 1147 2360 et
1195 2315 1315 2375 ego
1363 2314 1579 2375 regem
1628 2301 1926 2357 nostrum
1977 2295 2278 2358 Cluilium
2329 2316 2593 2359 causam

499 2398 779 2459 huiusce'
809 2415 950 2468 esse,
996 2396 1144 2458 belli
1201 2395 1455 2458 audisse
1513 2394 1737 2457 videor
1792 2414 1908 2457 nec
1970 2402 2036 2458 te
2093 2395 2344 2471 dubito,
2388 2396 2590 2472 Tulle,

496 2497 724 2559 eadem
779 2517 934 2578 prae
990 2503 1056 2559 te
1112 2496 1303 2572 ferre;
1354 2494 1468 2556 sed
1528 2494 1582 2556 si
1634 2514 1789 2557 vera
1854 2495 2074 2574 potius
2143 2515 2343 2575 quam
2411 2495 2591 2559 dictu

494 2596 784 2676 speciosa
850 2595 1126 2659 dicenda
1189 2602 1365 2671 sunt,
1434 2593 1671 2673 cupido
1725 2586 1989 2674 vimperii
2054 2595 2217 2656 duos
2283 2601 2594 2674 cognatos

495 2832 598 2876 rear
659 2831 712 2875 ot
772 2831 1091 2885 punishment
1153 2830 1334 2883 wholly
1395 2839 1496 2873 sec-
1669 2829 1779 2883 The
1852 2831 2069 2884 way-like
2141 2831 2465 2899 disposition
2539 2835 2596 2900 of

493 2899 699 2950 ondary.
1598 2897 1790 2950 Tullus
1823 2899 1883 2950 H
1884 2900 2111 2964 ostiliuS,
2149 2900 2233 2952 the
2267 2900 2409 2952 third
2443 2901 2590 2966 kiny,

554 2967 605 3008 2.
639 2974 773 3010 oum
797 2975 856 3009 ιο
886 2994 901 3009 .
931 2994 945 3009 .
975 2994 990 3009 ·
1015 2965 1353 3010 formarent:
1379 2975 1495 3008 cau-
1591 2983 1721 3017 soon
1748 2966 1989 3018 involved
2014 2966 2098 3018 the
2125 2966 2364 3018 Romans
2390 2968 2453 3019 in
2480 2984 2594 3019 war

493 3034 585 3082 sal:
634 3034 805 3076 “since
850 3032 926 3075 his
972 3043 1085 3076 men
1131 3032 1359 3076 imitated
1407 3033 1494 3076 the
1592 3032 1718 3084 with
1755 3031 1838 3084 the
1878 3032 2100 3096 Albane,
2144 3033 2234 3084 but
2274 3034 2442 3099 before
2480 3051 2595 3101 any

491 3101 745 3143 character
784 3101 887 3148 of.’'
928 3104 1015 3142 not
1057 3101 1174 3150 only
1213 3111 1314 3142 was
1353 3101 1493 3143 there
1590 3098 1743 3150 battle
1787 3100 2031 3150 occurred
2075 3099 2158 3151 the
2202 3099 2382 3151 Alban
2424 3100 2592 3152 dicta-

491 3178 556 3209 an
611 3168 754 3210 effect
808 3177 942 3218 upon
1001 3169 1151 3217 them,
1210 3169 1302 3212 but
1357 3180 1493 3220 upon
1588 3171 1683 3229 tor,
1715 3165 1943 3217 Mettius
1969 3167 2237 3232 Fufetius,
2269 3167 2527 3233 proposed
2555 3184 2592 3219 a

491 3235 577 3278 the
636 3234 910 3284 neighborS.
993 3234 1174 3277 unici:
1201 3251 1243 3266 =
1267 3236 1490 3284 praestan
1588 3233 1888 3298 conference
1932 3232 2059 3284 with
2105 3232 2297 3284 Tullus
2342 3250 2412 3286 on
2455 3239 2591 3286 mat-

489 3301 687 3345 tissi'mio
1587 3305 1690 3350 ters
1720 3299 1775 3363 os
1804 3315 2045 3350 common
2073 3300 2301 3353 interest.

553 3369 725 3413 XXII.
762 3368 810 3411 1.
843 3368 1005 3413 ouius
1038 3397 1054 3412 .
1085 3396 1102 3412 .
1133 3397 1150 3412 .
1177 3376 1395 3421 pugna:
1423 3369 1488 3412 cf.

493 3437 565 3480 12.
596 3438 641 3481 2·
1649 3413 1851 3458 XXIII.
1888 3415 1936 3456 ο.
1973 3413 2276 3466 Postquam
2315 3443 2329 3458 .
2370 3443 2385 3458 .
2425 3443 2439 3457 .
2475 3414 2590 3458 sta-

1586 3479 1750 3523 bant:
1781 3491 1861 3524 see
1892 3481 2081 3524 Introd.
2109 3485 2165 3527 V.
2190 3486 2233 3526 4.
2258 3495 2295 3526 e.

490 3539 688 3582 XXIII.
727 3537 912 3582 6-XXI
918 3538 976 3582 V.
1011 3539 1058 3582 3.
1095 3539 1263 3582 XXV.
1331 3539 1488 3584 C'ON-
1648 3548 1697 3590 ⁰1.
1730 3544 1885 3590 infit:
1912 3548 2105 3590 archaia
2130 3549 2205 3591 for
2228 3548 2417 3598 incipit.
2468 3556 2588 3592 non

549 3606 867 3650 FERENCE
937 3607 1023 3649 WI
1030 3607 1120 3649 ΤΗ
1183 3607 1318 3649 THE·
1375 3608 1487 3650 AL·
1583 3613 1828 3657 redditas
1878 3622 1988 3656 res:
2040 3615 2253 3657 “failure
2299 3618 2354 3657 to
2401 3619 2588 3659 restore

549 3671 746 3716 BANS.
872 3673 1007 3716 THE
1086 3674 1250 3717 FIGH
1259 3677 1297 3717 T
1375 3677 1486 3718 ΒΕ-
1582 3681 1869 3732 property.”
1958 3689 2172 3732 regom:
2232 3692 2296 3723 sc.
2356 3681 2586 3724 dmentem

553 3741 796 3783 TWEEN
836 3741 972 3783 THE
1015 3742 1302 3786 HORATII
1336 3745 1483 3788 AND
1545 3753 1548 3756 '
1582 3747 1708 3788 from
1748 3757 1863 3798 prae
1903 3748 1945 3790 te
1983 3747 2115 3798 ferre,
2152 3747 2393 3798 “allega”
2456 3756 2587 3791 eau-

553 3809 688 3856 THE
722 3809 929 3858 CURIA
942 3810 1049 3856 ΤΙΙ.
1580 3821 1727 3858 sam:
1798 3814 1933 3868 pred.
1987 3815 2039 3858 of
2090 3825 2187 3858 esse
2259 3814 2583 3862 understood.
