2925 4375
434 218 628 271 xxxiv.
673 216 721 282 1]
1329 216 1566 271 LIBER
1602 217 1629 270 I
2458 221 2527 273 53

365 410 396 450 4
432 399 662 463 domos
731 418 884 463 suas
953 399 1258 466 ultimum
1330 400 1487 463 illud
1546 400 1747 463 visuri
1812 407 2341 480 pervagarentur.
2432 401 2527 464 Ut

434 520 588 563 vero
627 500 759 562 iam
798 502 1097 581 equitum
1139 501 1382 564 clamor
1418 501 1592 564 exire
1632 501 1999 563 iubentium
2039 500 2353 578 instabat,
2394 500 2526 563 iam

411 600 651 679 ‘fragor
696 606 1044 679 tectorum,
1094 620 1262 682 quae
1308 600 1757 679 diruebantur,
1805 600 2055 663 ultimis
2098 599 2279 661 urbis
2326 600 2530 680 parti-

435 700 558 761 bus
623 699 1033 778 audiebatur,
1101 699 1444 782 pulvisque
1510 720 1594 763 ex
1658 699 2059 763 distantibus
2124 680 2279 763 locis
2342 707 2529 763 ortus

435 798 616 863 velut
676 800 851 863 nube
908 800 1179 864 inducta
1238 800 1458 864 omnia
1517 800 1924 881 impleverat,
1986 800 2228 881 raptim
2289 799 2528 881 quibus

435 900 708 981 quisque
753 907 1015 980 poterat
1059 901 1266 977 elatiS,
1316 920 1465 962 cum
1512 898 1711 963 larem
1758 920 1833 963 ac
1879 908 2151 981 penates
2196 906 2524 980 tectaque,

433 1000 502 1062 in
543 1000 779 1081 quibus
819 987 1016 1064 natus
1057 1002 1330 1082 quisque
1369 1001 1817 1082 educatusque
1857 1007 2047 1080 esset,
2090 1000 2527 1080 relinquentes

365 1109 398 1151 5
432 1099 729 1177 exirent‚‘
768 1100 900 1163 iam
963 1101 1302 1164 continens
1363 1121 1597 1181 agmen
1657 1101 2079 1179 migrantium
2140 1099 2528 1180 impleverat

435 1199 595 1277 viae,
642 1208 711 1265 et
757 1209 1142 1280 conspectus
1187 1201 1461 1264 aliorum
1509 1208 1743 1264 mutua
1788 1200 2201 1263 miseratione
2246 1199 2529 1278 integra-

436 1299 552 1363 bat
596 1299 912 1378 lacrimae,
961 1320 1280 1381 vocesque
1322 1302 1524 1364 etiam
1570 1300 1963 1364 miserabiles
2005 1299 2528 1363 exaudiebantur

435 1399 777 1462 mulierum
839 1402 1202 1482 praecipue,
1267 1421 1417 1463 cum
1478 1401 1740 1464 obsessa
1802 1400 1887 1463 ab
1948 1400 2217 1464 armatis
2279 1397 2527 1478 templa

434 1508 714 1580 augusta
757 1502 1202 1581 praeterirent,
1250 1521 1325 1564 ac
1370 1501 1553 1564 velut
1598 1508 1825 1581 captos
1867 1500 2305 1581 relinquerent
2347 1498 2521 1561 deos,

365 1608 399 1651 ⁶
433 1600 720 1680 Egressis
770 1601 932 1663 urbe
968 1601 1255 1678 Albanis,
1312 1602 1652 1664 Romanus
1704 1600 1946 1680 passim
1998 1599 2260 1681 publica
2311 1599 2528 1680 priva-

436 1707 634 1781 taque
687 1701 907 1763 omnia
961 1708 1139 1766 tecta
1194 1702 1524 1782 adaequat
1578 1701 1733 1777 solo,
1790 1719 2052 1781 unaque
2106 1701 2267 1763 hora
2320 1699 2526 1781 quad-

365 1836 372 1841 ·
435 1799 878 1879 ringentorum
910 1821 1228 1864 annorum
1260 1821 1444 1881 opus,
1480 1801 1717 1882 quibus
1748 1800 1915 1862 Alba
1945 1806 2240 1877 steterat,
2272 1799 2525 1863 excidio

437 1919 510 1962 ac
545 1900 745 1963 ruinis
777 1900 985 1977 dedit;
1020 1901 1281 1982 templis
1314 1909 1541 1965 tamen
1572 1900 1768 1963 deum
1794 1900 1997 1964 —ita
2028 1899 2201 1962 enim
2234 1899 2523 1963 edictum

435 1999 520 2062 ab
559 2020 705 2080 rege
743 2000 958 2064 fuerat
984 2036 1064 2044 —
1089 2008 1529 2083 temperatum
1570 2007 1688 2063 est.

370 2110 394 2151 1
557 2100 854 2163 XXXII.
904 2100 1163 2164 Mortuo
1212 2101 1398 2164 Tullo
1447 2119 1567 2177 res,
1616 2108 1695 2164 ut
1757 2100 2138 2164 institutum
2193 2099 2325 2163 iam
2373 2097 2525 2163 inde

435 2199 521 2262 ab
555 2200 740 2264 initio
775 2208 936 2277 erat,
968 2201 1050 2264 ad
1087 2209 1307 2281 patres
1344 2201 1642 2278 redierat,
1672 2201 1869 2282 hique
1903 2201 2289 2280 interregem
2318 2200 2525 2263 nomi-

435 2308 772 2364 naverant.
862 2301 1007 2378 Quo
1045 2301 1308 2365 comitia
1345 2301 1649 2378 habente,
1681 2302 1936 2363 Ancum
1965 2301 2280 2364 Marcium
2307 2319 2522 2379 regem

432 2400 713 2480 populus
757 2401 1001 2464 creavit
1013 2422 1029 2478 ;
1074 2409 1293 2480 patres
1329 2403 1507 2464 fuere
1545 2408 1860 2464 auctores
1953 2401 2207 2463 Numae
2244 2399 2522 2478 Pompili

366 2511 397 2551 4
431 2499 598 2579 regis
658 2520 879 2582 nepos,
925 2501 1056 2564 filia
1119 2508 1322 2577 ortus,
1369 2503 1589 2563 Ancus
1645 2501 1923 2563 Marcius
1982 2507 2143 2564 erat.
2235 2499 2520 2562 Medium

431 2606 573 2663 erat
613 2599 681 2662 in
723 2602 902 2664 Anco
938 2601 1288 2680 ingenium,
1327 2609 1394 2664 et
1434 2601 1689 2664 Numae
1724 2608 1791 2664 et
1830 2600 2093 2664 Romuli
2130 2620 2394 2663 memor.

367 2711 391 2752 1
557 2701 876 2762 XXXIV.
918 2702 1098 2764 Anco
1131 2708 1442 2781 regnante
1477 2702 1788 2777 Lucumo,
1809 2701 1909 2762 vir
1944 2701 2216 2779 impiger
2246 2719 2320 2763 ac
2356 2699 2523 2761 divi-

431 2797 542 2861 tiis
597 2806 848 2878 potens,
900 2800 1180 2864 Romam
1241 2801 1697 2879 commigravit
1757 2800 2059 2881 cupidine
2103 2801 2385 2864 maxime
2446 2819 2519 2862 ac

493 2953 543 2994 4.
575 2951 931 3002 impleverat:
1002 2952 1124 2996 with
1195 2953 1269 3002 ut:
1339 2952 1426 2996 the

431 3018 638 3070 oluperf.
704 3019 1036 3071 emphasizing
1097 3031 1127 3062 0
1188 3019 1425 3070 resulting

429 3085 681 3128 condition
716 3086 758 3128 is
794 3087 911 3129 thus
946 3087 1144 3137 paranel
1181 3086 1302 3129 with
1339 3087 1424 3129 the

427 3153 723 3204 imperfecte.
800 3153 1005 3203 qulbus
1054 3183 1067 3196 .
1117 3183 1130 3196 .
1179 3183 1192 3197 .
1237 3153 1422 3197 elatis:

438 3237 482 3252 =
509 3221 591 3269 eis,
635 3229 754 3270 quae
793 3221 988 3271 quisque
1029 3221 1188 3272 efferre
1229 3222 1419 3272 poterat,

427 3287 578 3330 elatis.
670 3285 870 3330 larem:
931 3288 1122 3340 usually
1184 3287 1308 3340 plur.
1369 3288 1422 3332 in

427 3354 566 3397 class.
593 3354 753 3397 Latin.

492 3423 540 3464 ο.
574 3421 1141 3473 quadringentorum:
1187 3433 1218 3466 0
1262 3422 1421 3466 round

426 3489 649 3532 number.
722 3489 848 3531 Alba
884 3499 984 3531 was
1022 3489 1160 3531 three
1197 3489 1420 3533 hundred

426 3566 569 3614 years
605 3555 740 3598 older
779 3556 902 3598 than
942 3555 1112 3598 Rome.
1186 3556 1257 3599 Cf.
1300 3559 1420 3600 Aen.

430 3624 471 3667 1.
512 3625 619 3667 272.
689 3621 919 3674 quibust
959 3621 1175 3672 “during
1210 3623 1420 3666 which.''

425 3691 516 3734 See
560 3688 748 3733 Introd.
796 3691 852 3733 V.
883 3691 921 3731 1.
946 3701 984 3732 c.
1015 3690 1101 3739 (1).
1168 3688 1420 3741 tompus:

424 3758 530 3800 dat.
576 3755 696 3800 with
738 3755 1044 3806 temperatum
1071 3755 1149 3804 est,
1181 3755 1308 3798 after
1336 3757 1420 3800 the

423 3824 636 3876 analogy
662 3824 714 3866 or
742 3832 942 3874 parcere.
1013 3822 1265 3867 edictum
1301 3853 1315 3866 .
1353 3852 1367 3866 .
1404 3853 1418 3867 .

1524 2951 1998 2998 tueratt=edictum
2012 2953 2123 2996 erat.
2190 2952 2292 2996 The
2310 2952 2518 3004 plupert.

1524 3021 1565 3062 is
1617 3021 1898 3072 frequently
1944 3031 1999 3063 so
2046 3020 2232 3063 formed
2279 3021 2331 3063 in
2379 3020 2519 3072 Livy.

1525 3087 1613 3130 See
1635 3087 1824 3130 Introd.
1851 3091 1908 3134 V.
1932 3091 1977 3133 4.
2004 3101 2043 3132 c.

1524 3188 1748 3231 XXXII.
1796 3191 1836 3232 1.
1880 3190 1925 3231 4.
1981 3189 2227 3231 XXXIV.
2286 3191 2376 3233 1-3.
2422 3191 2519 3234 4-7.

1589 3256 1743 3300 10-12.
1794 3255 2012 3298 XXXV.
2046 3258 2085 3298 1.
2114 3258 2156 3298 2.
2184 3256 2229 3298 6.
2288 3254 2521 3298 ANCUS

1587 3321 1917 3371 MARTIUS.
1987 3321 2266 3365 FOURTH
2330 3321 2519 3366 KING.

1590 3388 1726 3432 THE
1814 3388 2102 3431 ADVENT
2190 3387 2275 3430 OF
2368 3388 2521 3432 TAR-

1584 3455 1875 3509 QUINIUS
1907 3454 2209 3500 PRISC'US.

1584 3556 1807 3599 XXXII.
1845 3558 1892 3599 1.
1927 3557 2110 3602 'ruunt
2142 3557 2219 3600 1110
2251 3558 2385 3608 reign
2418 3556 2518 3602 had

1520 3622 1679 3666 lasted
1697 3624 1979 3676 thirty-two
1998 3635 2153 3676 years,
2204 3623 2320 3668 nna
2338 3625 2520 3669 ortus:

1518 3690 1596 3734 Le.
1626 3700 1691 3732 on
1717 3690 1793 3732 his
1821 3691 2059 3734 mother's
2087 3690 2204 3734 side.

1584 3755 1827 3800 XXXIV.
1910 3757 1957 3800 1.
2017 3759 2170 3802 Anco
2221 3757 2519 3809 regnante:

1519 3824 1698 3876 during
1738 3825 1813 3867 his
1854 3825 2003 3875 reign,
2050 3826 2215 3867 Ancus
2258 3824 2419 3868 added
2462 3826 2519 3869 to
