2925 4375
457 212 529 267 24
1373 208 1437 262 T.
1476 208 1634 263 LIVI
2502 210 2568 280 [3

461 394 716 457 iuvabit
749 399 977 457 tamen
1010 411 1226 455 rerum
1261 398 1591 471 gestarum
1629 390 1978 455 memoriae
2011 390 2321 472 principis
2354 398 2567 455 terra-

462 516 608 558 rum
655 494 879 575 populi
925 514 1043 573 pro
1093 491 1259 554 virili
1306 499 1496 573 parte
1541 499 1608 555 et
1655 492 1871 573 ipsum
1920 492 2315 554 consuluisse
2324 512 2342 569 ς
2390 497 2458 554 et
2508 492 2565 553 si

462 595 531 658 in
589 601 781 658 tanta
839 593 1230 673 scriptorum
1287 592 1487 656 turba
1548 612 1693 655 mea
1752 593 1931 655 fama
1988 592 2059 655 in
2106 592 2391 655 obscuro
2450 592 2562 668 sit,

464 695 807 757 nobilitate
841 714 914 757 ac
948 693 1398 772 magnitudine
1429 713 1655 755 eorum
1689 712 1811 769 me,
1848 693 1961 774 qui
1993 691 2241 755 nomini
2273 692 2564 755 officient

397 806 429 849 4
463 816 627 872 me0‚
667 793 971 856 consoler.
1062 794 1194 857 Res
1237 800 1336 856 est
1383 800 1719 873 praeterea
1762 798 1831 855 et
1876 792 2176 855 immensi
2211 791 2443 872 operiS,
2482 798 2565 854 ut

467 914 634 976 quae
673 914 869 974 supra
907 893 1557 973 septingentesimum
1599 914 1845 956 annum
1887 899 2239 973 repetatur,
2282 898 2351 955 et
2391 910 2567 973 quae

468 994 554 1057 ab
579 994 828 1073 exiguis
854 994 1149 1074 profecta
1175 993 1378 1055 initiis
1405 1014 1482 1056 eo
1513 993 1807 1071 creverit,
1839 1000 1917 1056 ut
1945 992 2079 1055 iam
2110 991 2567 1071 magnitudine

468 1093 716 1157 laboret
771 1112 888 1155 sua
898 1114 914 1171 3
969 1100 1035 1156 et
1091 1093 1443 1172 legentium
1499 1092 1821 1175 plerisque
1880 1093 2058 1156 haud
2113 1092 2347 1155 dubito
2402 1091 2567 1173 quin

467 1192 713 1273 primae
752 1194 1026 1271 origines
1064 1194 1492 1275 proximaque
1530 1194 1885 1273 originibus
1926 1193 2141 1255 minus
2179 1192 2565 1273 praebitura

468 1285 827 1372 voluptatis
875 1292 1004 1355 sint
1058 1293 1521 1356 festinantibus
1562 1293 1658 1357 ad.
1695 1279 1851 1355 haec
1900 1314 2093 1369 nova,
2139 1293 2379 1373 quibus
2427 1290 2565 1353 iam

399 1407 432 1450 5
466 1392 726 1472 pridem
752 1392 1188 1472 praevalentis
1223 1392 1448 1473 populi
1486 1394 1655 1455 vires
1696 1412 1764 1456 se
1804 1394 1985 1474 ipsae
2023 1393 2403 1465 conficiunt:
2442 1410 2563 1471 ego

469 1499 695 1555 contra
750 1493 870 1554 hoc
927 1512 1186 1573 quoque
1236 1491 1476 1554 laboris
1524 1494 1887 1573 praemium
1938 1500 2183 1573 petam,
2237 1498 2315 1555 ut
2368 1510 2473 1553 me
2526 1512 2568 1555 a

469 1598 816 1671 conspectu
875 1591 1213 1667 malorum,
1268 1612 1436 1673 quae
1488 1600 1713 1655 nostra
1778 1600 1883 1656 tot
1948 1614 2066 1673 per
2130 1612 2337 1657 annos
2389 1592 2565 1655 vidit

469 1698 668 1767 aetaS,
697 1692 1020 1771 tantisper
1055 1697 1246 1767 certe,
1285 1691 1444 1754 dum
1480 1692 1692 1771 prisca
1727 1694 1835 1755 illa
1869 1699 2017 1757 tota
2053 1700 2271 1756 mente
2308 1698 2559 1773 repet0,

471 1796 784 1867 avertam,
837 1791 1047 1853 omnis
1095 1810 1326 1872 expers
1375 1812 1585 1868 curae,
1641 1814 1807 1873 quae
1858 1794 2199 1856 scribentis
2264 1794 2561 1856 animum

468 1891 590 1953 etsi
625 1912 756 1967 non
794 1891 1047 1953 flectere
1085 1912 1123 1953 a
1159 1911 1332 1967 vero,
1370 1891 1719 1954 sollicitum
1756 1900 1981 1956 tamen
2022 1894 2272 1957 efficere
2314 1898 2557 1973 posset.

401 2004 434 2048 o
593 1990 774 2065 Quae
837 1998 989 2053 ante
1053 1990 1384 2053 conditam
1449 1993 1941 2056 condendamve
2000 1994 2229 2056 urbem
2291 1991 2567 2074 poeticis

471 2090 674 2168 magis
721 2091 953 2152 decora
1000 2090 1237 2152 fabulis
1285 2111 1489 2171 quam
1536 2092 1925 2172 incorruptis
1972 2113 2186 2155 rerum
2234 2100 2566 2174 gestarum

472 2191 908 2269 monumentis
962 2191 1335 2267 traduntur,
1395 2211 1474 2254 ea
1530 2212 1645 2254 nec
1704 2193 2047 2257 adfirmare
2104 2215 2219 2257 nec
2276 2194 2567 2258 refellere

405 2305 435 2350 7
468 2290 536 2351 in
573 2291 788 2352 animo
848 2296 966 2352 est.
1059 2292 1272 2352 Datur
1331 2293 1490 2354 haec
1552 2293 1743 2355 venia
1803 2295 2206 2375 antiquitati,
2269 2300 2346 2358 ut
2410 2295 2565 2357 mis-

472 2389 672 2451 cendo
748 2390 1036 2453 humana
1111 2390 1349 2452 divinis
1422 2392 1779 2472 primordia
1852 2395 2113 2457 urbium
2188 2395 2567 2475 augustiora

470 2489 695 2566 faciat3
752 2495 820 2551 et
877 2490 931 2551 si
989 2489 1089 2551 cui
1147 2491 1389 2570 populo
1447 2491 1636 2554 licere
1694 2501 1954 2573 oportet
2012 2514 2382 2558 consecrare
2420 2495 2567 2558 ori-

470 2589 646 2667 gines
697 2607 849 2650 suas
900 2595 968 2651 et
1023 2589 1106 2652 ad
1160 2589 1315 2651 deos
1366 2591 1602 2652 referre
1656 2600 1971 2671 auctores,
2027 2615 2105 2657 ea
2158 2595 2306 2657 belli
2359 2596 2565 2675 gloria

468 2694 566 2749 est
623 2688 864 2768 populo
925 2681 1244 2765 RomanO,
1306 2697 1401 2766 ut,
1465 2711 1613 2752 cum
1673 2712 1863 2754 suum
1924 2695 2405 2775 conditorisque
2462 2695 2565 2756 sui

529 2873 579 2916 4.
612 2879 722 2916 res:
757 2872 879 2916 with
915 2883 1033 2924 quae
1069 2906 1082 2917 .
1121 2906 1132 2918 .
1171 2898 1188 2918 .-
1219 2874 1469 2925 repetatur,
1634 2878 1681 2920 5.
1716 2877 1784 2921 ut
1826 2909 1839 2920 .
1882 2909 1895 2921 .
1939 2909 1951 2922 .
1990 2879 2269 2924 avertant
2306 2879 2357 2922 in
2394 2889 2568 2930 appos,

468 2941 553 2984 the
593 2945 724 2983 state
763 2952 817 2982 as
860 2941 986 2984 “the
1025 2942 1254 2992 subject''
1295 2943 1346 2984 of
1385 2943 1472 2986 the

468 3008 818 3057 undertaking:
847 3009 968 3050 with
998 3019 1118 3059 quae
1149 3040 1160 3052 .
1194 3040 1206 3052 .
1239 3040 1251 3052 .
1283 3010 1473 3052 creverit

477 3092 520 3108 =
554 3085 628 3116 res
654 3074 844 3124 publica
919 3083 1009 3118 eo:
1046 3093 1089 3108 =
1124 3077 1254 3118 adeo·
1315 3083 1472 3126 prox-

466 3142 608 3184 ima:
669 3140 788 3183 used
841 3141 1220 3192 substantively,
1275 3154 1330 3186 as
1388 3153 1471 3185 are

467 3219 588 3250 nova
611 3207 708 3250 and
744 3208 902 3258 prisca
933 3209 1100 3257 below,
1157 3209 1245 3252 See
1278 3209 1469 3254 Introd.

470 3277 528 3320 V.
574 3279 617 3319 2.
663 3287 708 3318 a.
791 3275 926 3318 haec
971 3283 1142 3319 nova:
1205 3280 1377 3318 events
1419 3277 1471 3318 of

470 3342 638 3393 Livy's
710 3353 820 3384 own
894 3343 1008 3394 day,
1065 3344 1326 3395 especially
1385 3343 1471 3387 the

468 3407 584 3452 civil
627 3418 768 3452 warS.
833 3416 890 3452 se
934 3408 1088 3459 ipsae
1135 3409 1471 3453 conficiunt:

467 3475 589 3519 with
634 3467 742 3519 'iam
787 3475 971 3528 pridem
1027 3494 1069 3508 =
1127 3475 1295 3518 “have
1347 3476 1471 3520 been

467 3543 688 3594 working
749 3542 877 3586 their
939 3554 1049 3586 own
1111 3542 1274 3593 ruin‚”
1369 3543 1472 3586 The

468 3610 712 3653 intensive
737 3620 978 3662 pronoun,
1007 3610 1197 3661 though
1225 3609 1475 3660 strength-

471 3677 616 3726 ening
641 3677 727 3720 the
749 3676 978 3720 reflexive
1008 3676 1056 3719 in
1093 3677 1210 3720 such
1235 3687 1266 3720 a
1286 3677 1475 3720 combi-

470 3745 656 3794 nation,
711 3755 878 3794 agrees
929 3744 1171 3795 regularly
1214 3743 1335 3787 with
1385 3744 1473 3788 the

470 3810 678 3862 subject.

1570 2945 1689 2988 with
1715 2947 1997 2996 praemium.
2056 2955 2199 2998 quae
2228 2975 2242 2989 .
2273 2975 2287 2990 .
2317 2974 2331 2988 .
2356 2948 2570 2996 ponet:

1569 3011 1799 3063 apodosis
1828 3016 1881 3058 of
1908 3024 1973 3055 an
2002 3013 2201 3065 implied
2232 3012 2277 3055 si
2306 3011 2419 3056 haec
2446 3023 2571 3056 nova

1568 3077 1793 3127 scriberet,
1851 3078 2009 3129 itaque
2062 3089 2159 3121 non
2214 3089 2377 3129 expers
2429 3089 2573 3124 curae

1568 3145 1696 3186 esset.
1770 3144 1872 3187 The
1912 3145 2137 3194 frequent
2177 3156 2351 3187 rancor
2389 3144 2443 3188 of
2480 3156 2572 3188 our

1567 3219 1677 3251 own
1739 3209 1852 3252 civil
1912 3221 2011 3253 war
2072 3212 2367 3255 discussions
2428 3211 2572 3264 aptly

1568 3277 1836 3319 illustrates
1865 3277 1951 3320 the
1981 3277 2137 3328 point.

1632 3343 1680 3384 ⁶.
1715 3343 2161 3387 condendamvet
2193 3343 2271 3388 i.e.
2304 3344 2473 3388 before
2503 3344 2572 3388 its

1570 3408 1810 3460 founding
1838 3421 1937 3452 was
1967 3421 2090 3453 even
2118 3409 2351 3462 planned.
2408 3409 2572 3455 tabu·

1567 3475 1660 3519 us:
1700 3475 1805 3520 dat.
1845 3475 1967 3519 with
2005 3477 2185 3521 decora.
2256 3485 2345 3540 ea:
2384 3487 2573 3520 resum-

1568 3545 1652 3593 ing
1680 3553 1813 3594 quae.
1892 3545 1901 3556 ‘

1632 3611 1681 3652 7.
1717 3610 1989 3661 humana,
2017 3614 2131 3654 etc.:
2158 3621 2238 3654 see
2262 3620 2326 3652 on
2351 3608 2572 3661 proxima

1575 3675 1663 3726 (4).
1747 3685 1835 3720 ea:
1895 3695 1937 3710 =
1996 3677 2121 3721 talis.
2206 3677 2572 3727 potissimum

1567 3742 1737 3786 terat:
1776 3743 1985 3786 “claims
2019 3743 2069 3785 in
2105 3744 2381 3794 preference
2416 3745 2470 3786 to
2504 3742 2569 3786 all

1569 3810 1787 3854 other8.''
