2925 4375
535 246 637 298 130
1380 292 1391 311 ,
1453 243 1520 299 Τ.
1555 242 1716 297 L1vr
2399 243 2554 297 xxix.
2592 244 2623 294 4

531 424 688 506 quia
720 424 967 488 viribus
999 422 1145 505 plus
1178 430 1506 505 poterant,
1542 444 1691 487 cum
1725 422 2117 500 intulissent,
2155 427 2364 487 coacti
2399 424 2623 504 inopes

531 524 616 587 ad
687 523 1168 603 opulentiorum
1242 523 1557 587 auxilium
1628 524 1994 603 confugere,
2065 524 2416 604 Campanis
2487 543 2624 586 sese

464 635 496 679 δ
529 622 952 703 coniungunt.
1042 623 1358 703 Campani
1444 624 1650 703 magis
1734 643 1973 702 nomen
2056 622 2141 687 ad
2227 622 2623 704 praesidium

529 724 850 786 sociorum
899 743 1099 804 quam
1148 724 1315 787 vires
1363 744 1513 786 cum
1562 723 1957 800 attulissent,
2007 722 2283 786 fluentes
2330 721 2493 785 luxu
2541 722 2625 785 ab

530 822 782 887 duratis
816 844 940 885 usu
976 843 1304 886 armorum
1341 824 1409 886 in
1444 823 1728 887 Sidicino
1764 822 1935 903 pulsi
1969 843 2140 902 agrO,
2180 822 2250 886 in
2283 842 2352 885 se
2388 820 2624 885 deinde

465 934 495 976 θ
532 921 768 985 molem
863 943 1123 986 omnem
1222 922 1371 985 belli
1456 929 1812 985 verterunt.
1905 921 2207 1004 Namque
2290 923 2619 985 Samnites

528 1023 780 1086 omissis
835 1022 1131 1086 Sidicinis
1186 1023 1395 1102 ipsam
1452 1042 1667 1086 arcem
1723 1022 2169 1099 finitimorum,
2227 1022 2618 1102 CampanOS‚

530 1122 761 1199 adorti,
800 1122 974 1186 unde
1011 1142 1216 1203 aeque
1252 1122 1456 1186 facilis
1493 1121 1788 1198 victoria,
1827 1122 2107 1203 praedae
2143 1129 2344 1204 atque
2379 1120 2622 1201 gloriae

528 1220 673 1301 plus
715 1229 903 1297 esset,
948 1222 1188 1298 Tifata,
1233 1222 1636 1285 imminentis
1678 1223 1939 1301 Capuae
1983 1220 2195 1298 colles,
2239 1241 2391 1285 cum
2433 1242 2622 1303 prae-

526 1320 690 1384 sidio
774 1322 961 1384 firmo
1043 1328 1490 1401 occupassent,
1574 1321 1978 1384 descendunt
2059 1319 2212 1387 inde
2292 1321 2621 1403 quadrato

528 1421 784 1500 agmine
822 1422 889 1483 in
927 1419 1285 1501 planitiem,
1328 1442 1496 1502 quae
1534 1422 1830 1501 Capuam
1867 1420 2218 1502 Tifataque
2252 1419 2616 1485 interiacet.

462 1533 492 1578 7
527 1520 629 1582 Ibi
673 1542 894 1585 rursus
940 1522 1075 1584 acie
1118 1521 1532 1598 dimicatum;
1579 1521 1984 1600 adversoque
2021 1518 2263 1601 proelio
2297 1520 2619 1602 Campani

527 1620 701 1683 intra
734 1621 991 1683 moenia
1024 1621 1357 1700 compulsi,
1380 1640 1529 1683 cum
1555 1620 1785 1683 robore
1818 1621 2182 1683 iuventutis
2212 1640 2371 1684 suae
2404 1621 2616 1685 acciso

526 1720 705 1783 nulla
765 1721 1133 1800 propinqua
1194 1740 1340 1800 spes
1403 1726 1592 1797 esset,
1659 1720 1870 1783 coacti
1931 1725 2086 1783 sunt
2150 1720 2235 1783 ab
2299 1720 2617 1785 Romanis

525 1826 743 1900 petere
784 1821 1115 1883 auxilium.

460 1936 483 1976 1
648 1920 872 1981 XXX.
922 1920 1146 1999 Legati
1226 1919 1582 1982 introducti
1659 1918 1728 1981 in
1804 1925 2108 1982 senatum
2187 1918 2472 1983 maxime
2551 1920 2616 1983 in

524 2020 691 2081 hanc
739 2020 1136 2082 sententiam
1185 2018 1384 2081 locuti
1432 2025 1615 2081 sunt:
1716 2018 2025 2098 ‘populus
2074 2040 2192 2081 nos
2241 2019 2615 2100 Campanus

525 2117 769 2198 legatos
832 2119 914 2181 ad
977 2140 1113 2196 VOS,
1177 2126 1395 2200 patres
1458 2118 1826 2200 conscripti,
1891 2117 2067 2181 misit
2129 2118 2488 2183 amicitiam
2550 2120 2614 2182 in

459 2236 488 2277 2
522 2227 932 2300 perpetuum,
985 2220 1298 2282 auxilium
1347 2239 1649 2299 praesens
1698 2239 1739 2281 a
1786 2218 1973 2281 vobis
2005 2218 2309 2300 petitum.
2400 2219 2614 2296 Quam

522 2319 577 2381 si
604 2320 902 2382 secundis
932 2320 1123 2382 rebus
1155 2319 1391 2382 nostris
1422 2318 1828 2398 petissemuS,
1859 2317 2030 2382 sicut
2059 2325 2295 2400 coepta
2323 2318 2613 2397 celerina,

523 2419 617 2482 ita
673 2419 1019 2481 infirmiore
1077 2418 1335 2481 vinculo
1393 2424 1733 2480 contracta
1787 2424 1975 2482 esset.
2062 2419 2246 2482 Tunc
2301 2419 2498 2497 enim,
2538 2427 2615 2484 ut

523 2519 635 2598 qui
684 2540 767 2581 ex
818 2540 1025 2598 aequo
1076 2540 1194 2582 nos
1246 2518 1496 2580 venisse
1547 2517 1613 2578 in
1666 2517 2023 2581 amicitiam
2075 2518 2610 2596 meminissemus,

523 2619 711 2680 amici
766 2619 1039 2682 forsitan
1091 2619 1334 2699 pariter
1387 2638 1459 2679 ac
1515 2637 1708 2692 nunc,
1762 2617 2037 2680 subiecti
2092 2625 2292 2699 atque
2342 2619 2612 2682 obnoxii

456 2737 486 2778 3
522 2718 707 2781 vobis
772 2719 984 2781 minus
1046 2738 1357 2793 essemus;
1421 2737 1614 2792 nunc,
1683 2716 2118 2780 misericordia
2180 2725 2402 2782 vestra
2464 2740 2614 2783 con-

522 2818 718 2880 ciliati
786 2817 1154 2897 auxilioque
1219 2817 1286 2879 in
1351 2816 1567 2878 dubiis
1633 2816 1825 2880 rebus
1890 2814 2156 2894 defensi,
2225 2817 2612 2882 beneficium

520 2938 778 2998 quoque
846 2924 1187 2995 acceptum
1255 2916 1542 2980 colamus
1608 2923 1888 2995 oportet,
1958 2936 2039 2980 ne
2105 2916 2344 2997 ingrati
2411 2925 2612 3000 atque

580 3105 629 3148 5.
664 3103 956 3154 campani:
995 3101 1080 3146 the
1117 3101 1426 3145 inhabitants
1462 3101 1516 3142 of
1614 3101 1782 3146 tiamt
1817 3101 1978 3154 “very
2010 3101 2158 3144 much
2192 3103 2247 3144 to
2281 3100 2382 3144 this
2414 3099 2613 3148 effect.”

516 3171 603 3214 the
625 3171 727 3214 rich
750 3183 857 3222 aqer
882 3173 1173 3221 Campanus,
1200 3169 1363 3211 whose
1386 3169 1515 3211 chief
1613 3170 1853 3220 popuius
1888 3177 1990 3213 no}
2019 3171 2338 3220 campanus
2370 3169 2612 3222 locatos:

515 3240 618 3290 city
656 3249 755 3280 was
796 3239 979 3288 Capua.
1052 3237 1189 3287 They
1226 3246 1351 3278 were
1389 3247 1514 3279 even
1611 3247 1676 3278 an
1705 3236 2006 3280 interlocked
2035 3236 2178 3279 order
2206 3237 2346 3279 often
2375 3237 2533 3281 found
2562 3240 2612 3282 in

515 3305 753 3355 remotely
779 3305 831 3346 of
856 3304 1077 3347 Samnite
1102 3302 1256 3351 stock,
1286 3303 1375 3345 but
1403 3314 1513 3344 now
1613 3308 1803 3355 poetry.
1866 3304 2051 3354 patres
2082 3303 2408 3354 conscripti:
2438 3314 2520 3348 see
2548 3316 2611 3348 on

515 3383 679 3423 grown
700 3372 844 3414 effete
870 3372 1084 3421 (fluentes
1104 3371 1243 3418 luxu)
1266 3369 1385 3420 they
1406 3380 1515 3421 pre·
1613 3374 1656 3414 2.
1693 3372 1733 3413 1.
1769 3372 1840 3414 11.
1903 3369 2174 3421 potitum:
2203 3370 2393 3421 supine.

514 3439 685 3482 sented
720 3439 859 3480 weak
891 3438 1156 3480 resistance
1190 3440 1243 3478 to
1278 3436 1408 3479 their
1440 3437 1514 3478 in-
1673 3439 1723 3480 2.
1758 3439 1961 3490 Quam:
1997 3436 2236 3480 translate
2272 3436 2401 3480 “the
2431 3438 2613 3481 friend-

514 3506 689 3549 vaders
724 3506 812 3554 (6).
1611 3505 1772 3556 ship.”
1846 3503 1996 3547 aaut
2043 3532 2057 3546 .
2104 3532 2120 3546 .
2167 3531 2182 3546 .
2225 3503 2334 3547 lta:
2379 3503 2609 3556 “though

578 3575 625 3614 ο.
659 3580 858 3622 aeque:
924 3581 979 3614 as
1043 3570 1171 3613 from
1236 3569 1324 3613 the
1388 3569 1514 3614 Sidi·
1613 3603 1624 3614 .
1667 3601 1680 3614 .
1722 3601 1736 3614 .
1777 3571 1912 3622 yet.”
1985 3570 2074 3613 See
2112 3579 2178 3612 on
2220 3571 2264 3614 1.
2304 3571 2383 3614 25.
2423 3572 2470 3615 7.
2544 3573 2610 3615 ut

512 3639 713 3681 cinianS.
777 3637 945 3681 esset:
974 3655 1017 3670 =
1045 3637 1138 3681 fut.
1168 3636 1315 3680 indic.
1347 3636 1397 3679 in
1427 3637 1513 3680 the
1611 3637 1732 3688 qui:
1763 3648 1842 3680 see
1871 3647 1934 3679 on
1967 3636 2125 3680 Praei.
2157 3639 2202 3680 2.

513 3704 665 3747 direct
696 3704 925 3754 thought.
988 3703 1195 3748 Tifata:
1224 3714 1254 3746 a
1283 3713 1432 3753 range
1460 3705 1513 3746 of
1672 3705 1722 3746 3.
1756 3703 2038 3747 conciliati
2081 3732 2094 3745 .
2138 3731 2151 3746 .
2194 3731 2208 3746 .
2245 3702 2487 3748 detumit
2526 3704 2610 3750 the

514 3770 621 3813 hills
649 3771 798 3820 rising
824 3771 983 3813 above
1011 3772 1194 3821 Capua.
1609 3771 1916 3822 assumption
1948 3771 1990 3813 is
2021 3770 2325 3821 diplomatic.

574 3836 744 3881 XXX.
780 3838 829 3880 1.
864 3838 1107 3880 maxime
1144 3865 1157 3880 .
1193 3865 1207 3880 .
1244 3866 1257 3881 .
1289 3837 1512 3882 senten-
