2925 4375
520 387 551 431 7

586 192 689 259 120
1306 204 1313 209 ·
1500 188 1566 246 Τ.
1602 180 1761 245 L1v1
2473 190 2610 257 [xlii.
2647 196 2687 249 6

584 372 785 439 cladis
862 371 1133 436 alicuius
1206 370 1579 451 spectaculo
1656 379 1952 436 cessaret.
2043 371 2218 435 Nihil
2294 380 2522 437 tamen
2577 382 2682 438 tot

585 473 838 537 onerati
887 480 1086 553 atque
1133 472 1353 535 obruti
1401 470 1589 535 malis
1637 473 1956 535 flexerunt
2003 473 2274 548 animos,
2327 474 2508 555 quin,
2559 476 2681 538 etsi

586 574 808 636 omnia
873 572 1151 635 flammis
1218 592 1291 635 ac
1356 571 1561 635 ruinis
1627 578 1911 652 aequata
1974 571 2309 649 vidissent,
2377 576 2686 653 quamvis

586 674 847 752 inopem
918 691 1348 753 parvumque,
1420 691 1616 753 quem
1687 672 2021 747 tenebant,
2095 671 2322 735 collem
2392 671 2688 737 libertati

523 786 555 829 s
587 773 885 836 relictum
935 771 1182 834 virtute
1229 770 1679 848 defenderent3
1727 777 1796 833 et
1843 771 1994 847 iam,
2046 791 2195 834 cum
2243 771 2476 835 eadem
2523 774 2689 837 coti-

528 1186 553 1227 1

588 873 692 935 die
752 870 1138 947 acciderent,
1202 870 1383 934 velut
1443 869 1698 934 adsueti
1758 870 1944 933 malis
2003 871 2538 935 abalienaverant
2600 873 2686 936 ab
2727 872 2733 879 ’

587 992 781 1036 sensu
834 991 1048 1035 rerum
1102 991 1369 1033 suarum
1425 970 1696 1047 animos,
1755 991 1938 1033 arma
1990 978 2254 1034 tantum
2309 972 2689 1054 ferrumque

589 1073 655 1133 in
700 1070 947 1135 dextris
993 1069 1175 1134 velut
1218 1070 1387 1133 solas
1432 1070 1734 1150 reliquias
1778 1071 1916 1151 spei
1959 1091 2114 1133 suae
2158 1071 2507 1135 intuentes.

716 1171 968 1233 XLIII.
1016 1168 1185 1239 Galli
1224 1189 1505 1250 quoque,
1548 1189 1662 1250 per
1701 1169 1951 1250 aliquot
1989 1170 2126 1233 dies
2164 1170 2231 1232 in
2270 1177 2451 1234 tecta
2488 1171 2691 1237 modo

592 1271 769 1333 urbis
832 1269 1231 1350 nequiquam
1296 1268 1464 1332 bello
1531 1274 1732 1347 gest0,
1800 1290 1948 1331 cum
2013 1270 2184 1332 inter
2244 1270 2548 1334 incendia
2614 1294 2690 1335 ac

591 1370 810 1433 ruinas
883 1376 1115 1448 captae
1186 1368 1365 1431 urbis
1435 1368 1596 1432 nihil
1667 1389 1998 1448 superesse
2069 1376 2327 1449 praeter
2397 1378 2692 1435 armatos

592 1470 811 1533 hostes
871 1469 1188 1544 viderent,
1251 1488 1670 1549 nequaquam
1730 1474 1834 1532 tot
1895 1468 2186 1531 cladibus
2245 1470 2508 1533 territos
2569 1492 2688 1535 nec

594 1570 869 1632 flexuros
948 1568 1033 1631 ad
1112 1568 1512 1632 deditionem
1592 1568 1843 1631 animos
1921 1568 1988 1630 ni
2067 1568 2165 1632 vis
2244 1569 2687 1647 adhiberetur,

591 1669 867 1748 experiri
919 1668 1155 1731 ultima
1204 1674 1274 1731 et
1326 1667 1649 1748 impetum
1704 1667 1912 1731 facere
1965 1668 2033 1730 in
2088 1689 2301 1732 arcem
2353 1676 2684 1733 statuunt.

592 1768 813 1831 Prima
843 1766 983 1831 luce
1014 1768 1198 1847 signo
1230 1765 1390 1831 dato
1422 1767 1781 1829 multitudo
1808 1768 2020 1831 omnis
2051 1768 2119 1830 in
2150 1768 2290 1831 foro
2311 1768 2665 1831 instruitur
2673 1790 2690 1846 ς

592 1867 743 1931 inde
776 1866 1055 1930 clamore
1086 1866 1348 1930 sublato
1383 1888 1457 1929 ac
1493 1867 1822 1930 testudine
1849 1866 2030 1930 facta
2053 1867 2356 1931 subeunt.
2439 1868 2692 1931 Adver-

591 1988 701 2029 sus
756 1988 919 2047 quos
976 1966 1258 2029 Romani
1314 1965 1473 2027 nihil
1529 1973 1772 2029 temere
1826 1987 1944 2029 nec
1999 1968 2276 2047 trepide;
2334 1968 2415 2030 ad
2475 1968 2689 2031 omnis

593 2067 811 2129 aditus
873 2066 1268 2130 stationibus
1331 2066 1627 2141 firmatiS,
1695 2086 1828 2145 qua
1887 2066 2074 2144 signa
2135 2066 2284 2129 ferri
2348 2067 2688 2143 videbant,

591 2188 670 2231 ea
731 2166 961 2230 robore
1026 2166 1313 2228 virorum
1378 2166 1680 2247 opposito
1744 2165 2053 2229 scandere
2116 2166 2374 2230 hostem
2437 2166 2687 2244 sinunt,

593 2288 723 2347 quo
782 2267 1159 2329 successerit
1220 2266 1427 2345 magis
1487 2265 1554 2328 in
1616 2265 1913 2342 arduum,
1975 2286 2053 2329 eo
2113 2265 2264 2347 pelli
2323 2287 2515 2346 posse
2575 2288 2692 2347 per

591 2365 876 2445 proclive
925 2365 1175 2429 facilius
1224 2366 1368 2428 rati.
1461 2365 1674 2428 Medio
1723 2364 1853 2428 fere
1904 2364 2072 2429 clivo
2120 2352 2433 2442 restitere,
2489 2373 2691 2448 atque

592 2465 742 2528 inde
784 2487 865 2528 ex
908 2465 1048 2528 loco
1090 2466 1436 2545 superiore,
1484 2465 1595 2545 qui
1638 2485 1839 2544 prope
1881 2487 2000 2528 sua
2041 2473 2275 2545 sponte
2318 2466 2386 2530 in
2429 2465 2690 2531 hostem

593 2565 932 2641 inferebat,
989 2565 1242 2645 impetu
1295 2565 1472 2627 facto
1527 2571 1743 2642 st1age
1798 2585 1870 2626 ac
1925 2567 2114 2628 ruina
2165 2566 2390 2629 fudere
2443 2566 2685 2643 Gallos,

592 2671 669 2728 ut
708 2684 1069 2745 numquam
1111 2671 1341 2744 postea
1379 2685 1498 2726 nec
1537 2685 1688 2743 pars
1727 2684 1844 2726 nec
1886 2665 2171 2728 universi
2212 2667 2687 2744 temptaverint

592 2764 724 2828 tale
776 2785 1032 2844 pugnae
1087 2785 1304 2843 genus.
1396 2764 1654 2826 Omissa
1703 2762 1928 2842 itaque
1979 2784 2095 2843 spe
2148 2785 2264 2845 per
2297 2765 2435 2827 vim
2490 2773 2688 2847 atque

595 2885 778 2928 arma
818 2864 1158 2941 subeundi,
1206 2863 1609 2926 obsidionem
1654 2870 1912 2943 parant,
1959 2865 2141 2926 cuius
2186 2864 2268 2927 ad
2313 2863 2381 2926 id
2424 2871 2687 2946 tempus

593 2965 1002 3026 immemores
1040 2971 1108 3026 et
1149 2962 1323 3043 quod
1365 2963 1433 3024 in
1473 2962 1632 3024 urbe
1672 2962 1886 3024 fuerat
1927 2963 2334 3027 frumentum
2374 2964 2687 3028 incendiis

594 3063 771 3126 urbis
802 3064 1320 3143 absumpserant,
1354 3069 1421 3124 et
1452 3082 1534 3124 ex
1566 3061 1734 3140 agris
1764 3082 1879 3141 per
1907 3082 2018 3126 eos
2047 3063 2223 3142 ipsos
2253 3063 2390 3126 dies
2421 3070 2686 3143 raptum

592 3183 785 3225 omne
834 3163 1027 3225 Veios
1094 3169 1253 3225 erat.
1346 3161 1556 3240 Igitur
1623 3162 1912 3224 exercitu
1982 3160 2191 3224 diviso
2260 3163 2504 3243 partim
2574 3185 2686 3242 per

594 3263 906 3324 finitimos
987 3261 1263 3342 populos
1344 3259 1643 3340 praedari
1725 3260 1992 3340 placuit,
2076 3262 2317 3341 partim
2398 3262 2688 3326 obsidere

656 3518 706 3559 7.
740 3515 1079 3560 ct312=etiam
1108 3516 1169 3558 si.
1230 3514 1482 3559 libertati
1511 3523 1592 3556 re·
1753 3516 1804 3557 2.
1838 3522 1974 3565 qua:
2001 3525 2068 3558 sc.
2096 3516 2250 3566 parte,-
2273 3514 2500 3558 resumed
2527 3515 2595 3567 by
2619 3527 2685 3559 ea.

592 3583 821 3627 lictum:
844 3584 921 3626 Le.
946 3594 1001 3626 as
1024 3584 1110 3626 the
1132 3583 1250 3634 only
1272 3582 1411 3634 place
1432 3582 1593 3626 where
1693 3590 1806 3632 quo
1846 3611 1861 3625 .
1903 3611 1917 3625 .
1959 3611 1974 3625 .
2009 3582 2256 3626 saeuius:
2315 3582 2444 3626 “the
2501 3586 2688 3633 greater

594 3650 774 3701 liberty
797 3650 954 3700 might
980 3651 1192 3694 survive.
1693 3649 1860 3700 height
1902 3650 2024 3702 they
2064 3650 2254 3700 gained,
2299 3649 2386 3694 the
2425 3651 2578 3694 easier
2617 3651 2687 3692 for

660 3717 848 3760 XLIII.
885 3717 933 3760 1.
966 3718 1198 3768 experiri
1231 3717 1463 3762 ultima:
1499 3719 1594 3760 “to
1695 3717 1831 3759 them
1847 3721 1902 3760 to
1919 3717 1981 3760 be
1995 3717 2220 3769 repulsed
2237 3717 2383 3760 down
2400 3717 2487 3760 the
2502 3718 2686 3769 steep.”

595 3786 749 3826 resort
779 3787 833 3826 to
861 3788 1079 3826 extreme
1108 3785 1405 3828 measureS.”
1757 3786 1806 3827 3.
1840 3784 2274 3834 temptaverint:
2294 3795 2374 3828 see
2393 3794 2459 3827 on
2483 3786 2524 3828 1.
2551 3785 2622 3826 16.
2647 3787 2685 3828 1.
