2925 4375
473 290 573 341 100
1376 285 1442 339 T.
1481 284 1641 338 LIVI

2354 285 2498 349 [xlv.
2542 288 2580 338 4

468 466 719 548 puellae
777 488 960 543 avm,
1014 473 1085 530 et
1138 487 1416 547 sponsus
1473 464 1691 529 Icilius
1747 464 2192 529 interveniunt
2203 487 2219 541 ς
2274 463 2580 547 dataque

402 586 434 629 5
468 567 638 630 inter
692 567 958 631 turbam
1016 566 1145 643 via,
1204 587 1354 630 cum
1412 565 1769 629 multitudo
1830 564 1969 627 Icili
2028 565 2310 629 maxime
2367 566 2582 627 inter-

470 674 673 730 ventu
726 666 936 730 resisti
988 685 1195 747 posse·
1230 666 1444 746 Appio
1499 664 1808 741 crederet,
1865 663 2053 727 lictor
2103 665 2392 727 decresse
2447 666 2580 743 ait,

403 784 435 827 c
469 766 1066 847 vociferantemque
1130 765 1386 829 Icilium
1448 765 1819 829 submovet.
1910 763 2249 827 Placidum
2305 786 2584 845 quoque

468 866 798 947 ingenium
835 872 975 929 tam
1012 873 1205 929 atrox
1240 864 1478 928 iniuria
1504 864 1924 928 accendisset.
2010 865 2236 926 ‘Ferro
2266 865 2410 927 hinc
2442 866 2584 928 tibi

466 965 955 1031 submovendus
988 986 1155 1043 sum,
1186 966 1402 1045 Appi’,
1432 965 1668 1045 inquit,
1701 966 1807 1027 ‘ut
1843 963 2123 1027 tacitum
2160 962 2347 1041 feraS,
2385 966 2583 1045 quod

469 1066 659 1130 celari
696 1066 813 1129 vis·
902 1060 1233 1148 Virginem
1268 1085 1387 1144 ego
1425 1066 1592 1128 hanc
1631 1084 1779 1127 sum
1798 1064 2119 1127 ducturus
2157 1072 2584 1145 nuptamque

405 1186 436 1229 7
469 1166 775 1247 pudicam
831 1166 1193 1229 habiturus.
1291 1164 1572 1229 Proinde
1612 1172 1840 1227 ‘omnes
1881 1163 2272 1244 collegarum
2306 1186 2581 1246 quoque

472 1266 725 1331 lictores
784 1286 1100 1344 convoca;
1152 1264 1445 1346 expediri
1503 1264 1718 1343 virgas
1773 1270 1842 1327 et
1892 1283 2148 1327 secures
2202 1264 2354 1327 iube
2364 1286 2380 1342 ;
2432 1288 2582 1329 non

404 1385 435 1429 8
470 1366 761 1429 manebit
806 1372 998 1429 extra
1042 1365 1313 1428 domum
1359 1364 1567 1445 patris
1613 1384 1854 1443 sponsa
1901 1361 2060 1425 Icili.
2153 1364 2322 1441 Non,
2361 1365 2415 1427 si
2451 1366 2584 1427 tri-

468 1466 803 1527 bunicium
866 1464 1181 1527 auxilium
1241 1471 1309 1527 et
1371 1463 1907 1543 provocationem
1967 1462 2142 1543 plebi
2204 1464 2582 1541 Romanae,

468 1565 633 1627 duas
684 1584 861 1627 arces
910 1563 1230 1627 libertatis
1279 1564 1585 1639 tuendae,
1639 1562 1995 1639 ademistis,
2033 1562 2178 1626 ideo
2230 1562 2298 1625 in
2335 1563 2586 1647 liberos

470 1685 729 1745 quoque
802 1670 1059 1727 nostros
1131 1664 1564 1742 coniugesque
1637 1682 1909 1741 regnum
1985 1668 2240 1725 vestrae
2316 1661 2584 1727 libidini

405 1786 435 1828 9
469 1764 702 1827 datum
756 1771 874 1826 est.
966 1764 1225 1827 Saevite
1278 1762 1346 1825 in
1401 1770 1659 1843 tergum
1713 1768 1781 1825 et
1836 1761 1905 1824 in
1961 1762 2241 1825 cervices
2279 1770 2550 1827 nostras
2562 1786 2580 1841 3

470 1864 787 1944 pudicitia
828 1864 1063 1926 saltem
1107 1864 1175 1926 in
1218 1869 1368 1925 tuto
1412 1862 1525 1924 siti
1614 1861 1787 1923 Huic
1830 1850 2030 1924 si'vis
2068 1861 2416 1939 adferetur,
2446 1882 2584 1944 ego

471 1964 910 2043 praesentium
972 1962 1323 2039 Quiritium
1383 1982 1500 2042 pro
1560 1982 1820 2041 sponsa,
1883 1961 2224 2041 Verginius
2285 1962 2582 2025 militum

472 2084 588 2142 pro
649 2064 842 2125 unica
901 2063 1051 2139 filia,
1114 2083 1339 2125 omnes
1399 2062 1672 2124 deorum
1732 2061 2204 2141 hominumque
2264 2062 2585 2142 implora-

473 2162 685 2226 bimus
743 2163 959 2240 fidem,
1020 2182 1231 2243 neque
1289 2168 1365 2225 tu
1423 2161 1600 2224 istud
1661 2180 1979 2242 umquam
2037 2161 2371 2225 decretum
2430 2162 2582 2228 sine

378 2285 438 2328 10
473 2264 666 2326 caede
707 2272 933 2327 nostra
972 2264 1223 2326 referes.
1314 2261 1605 2338 Postulo,
1641 2261 1834 2342 Appi,
1877 2261 2081 2324 etiam
2124 2269 2324 2342 atque
2365 2263 2581 2326 etiam

378 2386 433 2427 11
474 2363 853 2439 considereS,
906 2384 1035 2445 quo
1087 2363 1515 2443 progrediare.
1605 2361 1946 2440 Verginius
1996 2361 2233 2426 viderit
2284 2363 2363 2424 de
2413 2363 2577 2440 filia,

474 2463 585 2524 ubi
631 2463 899 2539 venerit,
948 2463 1105 2543 quid
1153 2469 1304 2542 agat
1314 2483 1331 2538 3
1377 2463 1499 2525 hoc
1545 2468 1810 2524 tantum
1853 2461 2040 2538 sciat,
2087 2462 2231 2538 sibi,
2277 2462 2332 2524 si
2376 2463 2580 2526 huius

476 2563 770 2625 vindiciis
830 2563 1109 2639 cesserit,
1174 2562 1618 2624 condicionem
1678 2561 1848 2623 filiae
1909 2562 2348 2640 quaerendam
2376 2583 2576 2626 esse.

476 2663 578 2726 Me
611 2663 1050 2724 vindicantem
1080 2682 1387 2742 sponsam
1418 2661 1486 2722 in
1517 2660 1890 2724 liber-tatem
1922 2661 2064 2722 vita
2095 2661 2284 2724 citius
2315 2662 2579 2726 deseret

475 2783 673 2842 quam
714 2763 913 2824 fides.'

413 2886 436 2927 1
599 2862 835 2923 XLVI.
884 2862 1227 2924 Concitata
1255 2861 1611 2923 multitudo
1647 2866 1808 2936 erat,
1841 2867 2300 2941 certamenque
2328 2861 2581 2926 instare

476 2961 839 3024 videbatur.
932 2962 1216 3024 Lictores
1279 2961 1533 3022 Icilium
1593 2961 2157 3022 circumsteterant
2169 2981 2184 3036 ;
2238 2982 2354 3023 nec
2399 2960 2582 3026 ultra

411 3086 441 3127 2
475 3061 683 3124 minas
740 3067 963 3123 tamen
992 3081 1362 3139 processum
1408 3067 1527 3135 est,
1563 3066 1710 3122 cuin
1745 3059 1994 3138 Appius
2039 3081 2169 3122 non
2199 3059 2578 3140 Verginiam

538 3215 587 3256 5.
620 3211 801 3255 resisti
845 3242 858 3255 .
902 3242 915 3255 .
959 3242 973 3254 .
1011 3211 1212 3263 Appio:
1246 3210 1476 3263 “Appius

476 3279 620 3322 could
656 3279 717 3321 be
752 3279 1017 3322 checked.”
1086 3279 1355 3322 decresse:
1391 3278 1477 3321 the

477 3347 660 3389 lictor’s
703 3351 829 3390 terse
873 3351 1157 3396 statement,
1182 3347 1390 3395 decrevit.
1422 3358 1478 3388 or

1639 3211 1718 3254 11.
1752 3209 1980 3254 viderit:
2017 3210 2086 3264 pf.
2125 3210 2255 3263 subj.
2291 3212 2343 3254 in
2380 3211 2579 3256 excited

1575 3279 1890 3322 exhortation
1931 3280 2029 3328 (see
2062 3290 2126 3322 on
2152 3282 2206 3323 ’1.
2244 3282 2319 3322 23.
2355 3281 2430 3330 8);
2465 3291 2581 3333 Dro-

1575 3347 1786 3389 hibition
1807 3347 1928 3388 with
1950 3346 2049 3389 this
2070 3351 2208 3389 tense
2226 3347 2268 3388 is
2289 3357 2424 3390 more
2444 3358 2581 3390 com-

478 3414 699 3465 Appium
740 3414 842 3456 iam
873 3413 1139 3461 decrevisse,
1174 3423 1276 3454 was
1308 3415 1477 3454 meant

477 3484 529 3523 to
578 3480 638 3522 be
678 3479 809 3522 final.

541 3548 587 3589 6.
623 3547 911 3591 Placidum
967 3554 1214 3597 quoque:
1274 3550 1329 3589 to
1388 3557 1478 3597 say

477 3614 686 3664 nothing
714 3614 765 3655 of
795 3613 973 3662 Icilius,
1005 3613 1116 3655 who
1144 3623 1245 3655 was
1273 3614 1347 3655 vir
1374 3624 1480 3654 acer

484 3682 578 3730 (44.
617 3682 685 3726 3).
754 3681 999 3724 tacitum
1033 3679 1202 3722 teras:
1238 3691 1304 3722 sc.
1340 3681 1414 3728 id,-
1448 3691 1480 3721 a

479 3746 847 3796 colloquialism,
893 3747 1013 3795 “get
1054 3747 1124 3788 off
1161 3746 1373 3788 without
1414 3747 1480 3788 its

480 3811 627 3862 being
653 3813 962 3855 commented
991 3812 1176 3864 upon.”

541 3879 592 3921 ⁹.
624 3877 847 3922 reterns:
875 3879 1097 3930 “repeat‚
1126 3878 1266 3922 insist
1292 3879 1480 3930 upon.”

1576 3425 1708 3457 mon.
1780 3413 1848 3456 de
1885 3412 2020 3464 fllia,
2061 3417 2175 3456 etc.:
2216 3413 2303 3456 the
2341 3414 2581 3466 prolepsis

1577 3480 1734 3522 shows
1763 3479 1838 3522 his
1866 3479 2022 3522 haste.
2086 3480 2340 3530 Verginius
2368 3481 2465 3523 will
2493 3485 2580 3525 act

1578 3548 1704 3588 from
1765 3557 1795 3588 a
1855 3546 2060 3588 father's
2121 3547 2260 3599 point
2323 3549 2376 3589 of
2435 3549 2578 3600 view,

1579 3614 1742 3657 Icilius
1810 3614 1935 3656 from
2003 3624 2033 3655 a
2099 3612 2291 3656 lover’S.
2392 3615 2583 3658 eondi-

1579 3682 1822 3724 oionem:
1855 3681 2114 3724 “match”

1639 3747 1821 3791 XLVI.
1863 3748 1913 3790 2.
1952 3748 2317 3792 tribunatum
2346 3779 2359 3791 .
2390 3779 2403 3790 .
2433 3779 2447 3792 .
2472 3749 2582 3800 spi-

1578 3816 1826 3857 rantem:
1869 3817 1922 3856 to
1937 3814 2023 3857 the
2044 3816 2327 3858 aristocrats
2351 3815 2437 3858 the
2460 3815 2584 3860 trib-

1579 3890 1700 3922 unes
1724 3889 1849 3922 were
1876 3879 1905 3897 “
1915 3880 2240 3924 anarchist8.’'
