2925 4375
540 232 641 298 104
1442 227 1507 289 T.
1544 228 1703 289 LIVI
2361 224 2556 295 [xlviii.
2597 228 2630 283 3

536 419 700 483 Cum
743 420 900 481 haec
942 416 1333 480 intonuisset
1374 414 1604 497 plenus
1643 415 1796 491 irae,
1827 411 2184 477 multitudo
2225 412 2368 492 ipsa
2407 433 2476 475 se
2515 432 2634 475 sua

538 524 771 599 sponte
802 516 1103 591 dimovit,
1140 515 1526 596 desertaque
1558 514 1804 595 praeda
1834 513 2106 575 iniuriae
2137 512 2356 592 puella
2385 512 2626 575 stabat.

474 634 502 673 4
536 616 705 681 Tum
752 616 1109 695 Verginius,
1149 615 1263 678 ubi
1306 615 1465 678 nihil
1510 634 1789 695 usquam
1837 612 2059 676 auxilii
2103 612 2291 687 vidit,
2328 614 2343 641 ‘
2361 612 2630 692 quaeso’

538 718 773 798 inquit,
843 716 1066 796 ‘Appi,
1135 715 1419 795 primum
1486 715 1743 793 ignosce
1808 713 2023 793 patrio
2089 712 2314 787 dolori,
2384 712 2438 774 si
2505 732 2636 792 quo

539 816 990 880 inclementius
1029 816 1096 876 in
1134 822 1201 877 te
1238 835 1383 877 sum
1423 814 1722 876 invectus
1732 834 1748 890 ;
1788 813 2022 875 deinde
2059 812 2234 875 sinas
2273 813 2376 874 hic
2416 832 2636 899 coram

541 917 786 996 virgine
824 917 1144 978 nutricem
1183 914 1570 995 percontari,
1612 913 1769 994 quid
1809 914 1931 976 hoc
1969 912 2060 975 rei
2096 913 2202 987 sit,
2244 918 2339 987 ut,
2381 912 2435 974 si
2474 911 2637 974 falso
2702 914 2707 919 '

475 1034 505 1075 5
539 1025 727 1099 pater
765 1016 980 1079 dictus
1019 1035 1185 1090 sum,
1214 1014 1515 1095 aequiore
1553 1014 1702 1076 hinc
1745 1013 1962 1076 animo
2000 1012 2374 1076 discedam!
2464 1013 2643 1073 Data

541 1117 734 1179 venia
792 1108 1044 1179 seducit
1107 1114 1305 1177 filiam
1369 1136 1443 1177 ac
1505 1115 1825 1177 nutricem
1888 1132 2090 1193 prope
2151 1112 2494 1175 Cloacinae
2556 1109 2640 1173 ad

541 1217 865 1291 tabernas,
926 1215 1162 1295 quibus
1216 1219 1389 1277 nunc
1442 1215 1632 1276 novis
1684 1219 1784 1276 est
1837 1233 2096 1289 nomen,
2153 1219 2355 1291 atque
2409 1211 2501 1272 ibi
2555 1208 2644 1273 ab

542 1316 714 1379 lanio
752 1316 961 1378 cultro
1000 1322 1258 1395 arrepto
1296 1315 1449 1377 ‘hoc
1487 1321 1553 1377 te
1589 1333 1718 1375 uno
1756 1334 1886 1395 quo
1922 1312 2218 1393 possum’
2258 1312 2350 1374 ait
2389 1310 2640 1386 ‘modo,

542 1416 691 1491 filia,
726 1415 793 1477 in
824 1415 1195 1477 libertatem
1221 1414 1523 1476 vindico)
1614 1415 1852 1475 Pectus
1882 1412 2116 1474 deinde
2147 1410 2400 1492 puellae
2431 1416 2660 1489 trans--

542 1516 700 1595 figit,
727 1521 1230 1596 respectansque
1271 1514 1354 1577 ad
1413 1512 1701 1576 tribunal
1739 1512 1863 1575 ‘te'
1901 1511 2137 1592 inquit,
2167 1509 2381 1591 ‘Appi,
2420 1516 2645 1572 tuum-

542 1635 668 1695 que
710 1621 909 1694 caput
948 1614 1262 1693 sanguine
1302 1615 1423 1676 hoc
1464 1614 1808 1675 consecro.'

476 1732 507 1773 6
665 1713 960 1777 Clamore
1012 1714 1094 1777 ad
1148 1720 1289 1777 tam
1342 1720 1534 1776 atrox
1584 1712 1836 1775 facinus
1887 1718 2032 1775 orto
2083 1712 2336 1774 excitus
2391 1710 2648 1789 Appius

543 1815 918 1893 comprendi
948 1814 1325 1892 Verginium
1362 1813 1564 1875 iubet.
1655 1811 1771 1874 Ille
1821 1797 1987 1874 ferro
2039 1830 2454 1892 quacumque
2503 1810 2648 1872 ibat

544 1914 718 1976 viam
784 1914 1014 1990 facere,
1082 1914 1286 1976 donec
1352 1912 1777 1974 multitudine
1840 1912 2041 1974 etiam
2106 1910 2648 1989 prosequentium

479 2032 508 2074 7
542 2020 771 2076 tuente
865 2013 947 2076 ad
1041 2020 1301 2093 portam
1395 2011 1700 2091 perrexit.
1793 2010 2010 2073 Icilius
2106 2009 2650 2087 Numitoriusque

542 2133 869 2192 exsangue
943 2134 1177 2193 corpus
1248 2110 1584 2174 sublatum
1658 2116 1999 2172 ostentant
2072 2108 2342 2190 populo-3
2437 2108 2648 2170 scelus

544 2214 735 2293 Appi,
812 2213 1065 2292 puellae
1137 2212 1457 2275 infelicem
1533 2211 1833 2285 formam,
1908 2209 2363 2272 necessitatem
2439 2208 2649 2288 patris

543 2312 906 2393 deplorant.

482 2433 504 2473 1
670 2413 916 2475 XLIX.
948 2413 1331 2474 Concitatur
1348 2411 1706 2473 multitudo
1730 2411 1972 2490 partim
1997 2410 2345 2473 atrocitate
2367 2408 2646 2484 sceleriS,

479 2532 508 2572 2
542 2513 785 2592 partim
823 2532 938 2591 spe
965 2532 1080 2591 per
1106 2512 1512 2574 occasionem
1541 2510 1932 2590 repetendae
1960 2509 2300 2572 libertatis
2385 2508 2644 2588 Appius

544 2633 715 2674 nunc
789 2611 1007 2674 vocari
1078 2610 1353 2686 Icilium,
1426 2631 1600 2672 nunc
1669 2617 2137 2672 retractantem
2211 2607 2425 2687 arripi,
2498 2620 2652 2687 posss

544 2719 773 2787 trem0,
836 2732 984 2774 cum
1044 2710 1222 2773 locus
1282 2711 1566 2773 adeundi
1625 2710 2107 2789 apparitoribus
2165 2729 2296 2770 non
2355 2708 2646 2783 daretur,

543 2813 680 2891 ipse
755 2832 903 2874 cum
980 2811 1235 2890 agmine
1309 2811 1732 2890 patriciorum
1805 2809 2118 2871 iuvenum
2191 2827 2307 2888 per
2380 2807 2649 2869 turbam

480 2930 509 2972 3
546 2911 791 2974 vadens
846 2911 914 2972 in
971 2910 1233 2973 vincula
1288 2911 1438 2973 duci
1495 2910 1696 2972 iubet.
1788 2909 1931 2972 Iam
1989 2909 2162 2971 circa
2217 2907 2473 2970 Icilium
2511 2928 2644 2969 non

542 3010 752 3074 solum
802 3010 1180 3086 multitudO,
1230 3011 1343 3074 sed
1391 3010 1589 3072 duces
1637 3030 1897 3091 quoque
1945 3007 2387 3071 multitudinis
2433 3011 2645 3082 era'nt,

607 3233 657 3274 4.
692 3237 827 3282 quo:
864 3227 951 3272 the
983 3228 1239 3272 indefinite
1272 3238 1327 3271 as
1362 3226 1459 3272 abl.
1497 3228 1548 3270 of
1709 3228 1759 3271 ’1.
1791 3225 2100 3270 infelicem:
2121 3225 2208 3270 her
2227 3195 2416 3278 beauty
2436 3236 2538 3269 was
2559 3236 2652 3268 un-

544 3308 767 3342 measure
796 3299 847 3340 of
877 3297 1159 3345 difference3
1194 3296 1286 3339 “in
1307 3306 1408 3347 any
1436 3307 1548 3347 way
1646 3295 1851 3347 happily
1876 3294 1962 3337 her
1987 3295 2220 3344 undoing.

545 3368 631 3410 too
660 3365 930 3417 severely.”
1709 3360 1897 3404 XLIX.
1934 3362 1982 3404 1.
2016 3360 2256 3404 sceler-1⁸2
2315 3360 2401 3403 the
2457 3363 2538 3402 act
2597 3359 2650 3402 ot

610 3434 658 3476 5.
693 3440 862 3483 prope
898 3431 1211 3476 Cloacinae:
1259 3440 1338 3472 see
1385 3440 1451 3471 on
1505 3431 1546 3472 1.
1649 3429 1838 3480 Appius
1865 3429 1946 3478 (cf.
1971 3430 2046 3472 48.
2065 3428 2150 3478 7.).
2199 3426 2534 3478 repetendae
2547 3426 2650 3470 nb-

545 3501 622 3542 41.
662 3502 706 3541 4.
777 3499 893 3540 This
930 3497 1117 3548 epithet
1156 3497 1207 3538 of
1246 3497 1422 3545 VenuS,
1462 3495 1550 3538 the
1648 3496 1867 3539 ertatisx
1930 3495 1998 3546 by
2013 3494 2288 3544 abolishing
2302 3494 2388 3536 the
2402 3494 2648 3544 arbitrary

548 3566 839 3617 “purifying
866 3565 1009 3612 one.''
1038 3565 1079 3606 is
1109 3564 1233 3605 from
1262 3574 1326 3604 an
1355 3563 1549 3604 archaic
1649 3563 1934 3605 decemvirs.

545 3633 694 3676 cluere
724 3650 765 3664 =
794 3642 1009 3682 purqare.
1095 3630 1280 3673 novis:
1332 3630 1380 3671 in
1435 3640 1550 3671 con-
1711 3632 1760 3672 3.
1794 3629 2038 3681 privato:
2060 3630 2136 3672 i.e.
2161 3630 2287 3671 from
2311 3629 2514 3681 Appius.
2559 3627 2648 3671 See

546 3702 671 3743 trast
694 3699 816 3742 with
840 3697 925 3740 the
947 3699 1113 3739 veteres
1136 3697 1353 3738 tabernae
1375 3706 1439 3737 on
1464 3696 1551 3739 the
1647 3707 1709 3738 on
1749 3698 1824 3739 38.
1867 3698 1908 3738 1.
1979 3696 2128 3746 hinc,
2169 3699 2282 3738 etc:
2321 3695 2526 3738 observe
2561 3695 2648 3737 the

546 3766 694 3810 south
717 3765 821 3808 side
842 3765 893 3806 of
915 3763 1001 3806 the
1026 3764 1221 3805 Forum.
1278 3762 1349 3805 ab
1371 3761 1549 3806 lanio:
1648 3763 1790 3805 effect
1842 3763 1895 3804 in
1946 3762 2031 3805 the
2083 3762 2356 3804 succession
2407 3761 2459 3803 of
2509 3761 2645 3803 short

544 3835 622 3878 Le.
650 3835 776 3876 from
801 3843 831 3874 a
856 3831 1107 3874 butcher's
1130 3830 1270 3882 shop.
1648 3829 1848 3872 clauseS.
1917 3831 2006 3874 See
2029 3830 2217 3873 Introd.
2244 3831 2303 3874 V.
