2925 4375
407 243 485 301 vi.
517 242 575 312 2]
1275 240 1510 296 LIBER
1543 239 1636 295 IX
2392 243 2492 297 145

405 435 484 492 ut
544 427 659 490 vix
718 426 803 491 ab
861 424 939 490 iis
976 422 1376 489 abstinerent
1412 443 1664 500 manue,
1703 443 1982 504 quorum
2017 421 2388 487 temeritate
2423 421 2490 485 in

406 549 557 592 eum
593 527 807 590 locum
842 525 1105 589 deducti
1141 530 1375 599 essent,
1415 542 1694 604 quorum
1728 523 1989 603 ignavia
2027 523 2277 585 foedius
2316 522 2486 600 inde,

340 645 371 690 7
406 649 605 709 quam
658 626 1006 702 venissent,
1062 624 1326 687 abituri:
1386 622 1508 685 illis
1549 643 1682 685 non
1720 622 1953 685 ducem
2009 622 2314 700 locorum,
2358 644 2489 686 non

405 727 884 807 exploratorem
928 725 1149 800 fuisse;
1190 723 1526 785 beluarum
1593 722 1788 785 modo
1841 743 2062 785 caecos
2111 722 2179 785 in
2229 724 2488 787 foveam

338 845 371 889 8
405 827 638 907 lapsos.
729 825 855 888 Alii
900 824 1055 888 alios
1098 823 1361 900 intueri;
1405 822 1833 903 contemplari
1885 844 2066 885 arma
2135 844 2290 886 mox
2359 831 2490 887 tra-

405 927 622 989 denda
686 933 756 990 et
822 925 1095 988 inermes
1149 923 1403 986 futuras
1454 922 1720 986 dextras
1765 924 2177 1003 obnoxiaque
2220 946 2490 1005 corpora

405 1027 604 1103 hosti;
670 1045 1028 1107 proponere
1090 1024 1351 1087 sibimet
1393 1023 1518 1104 ipsi
1577 1030 1730 1086 ante
1786 1022 2005 1087 oculos
2063 1024 2285 1103 iugum
2346 1026 2490 1088 hos-

407 1126 517 1189 tile
594 1132 662 1189 et
741 1125 1021 1187 ludibria
1086 1123 1351 1186 victoris
1426 1129 1495 1186 et
1570 1122 1792 1187 vultus
1869 1124 2182 1202 superbos
2245 1132 2314 1187 et
2377 1146 2491 1205 per

336 1242 369 1290 9
406 1232 693 1289 armatos
756 1225 1099 1287 inermium
1162 1223 1306 1301 iter,
1348 1224 1500 1286 inde
1534 1224 1707 1287 foedi
1750 1224 2023 1303 agminis
2060 1224 2488 1287 miserabilem

406 1326 581 1389 viam
665 1345 781 1406 per
863 1325 1182 1387 sociorum
1267 1324 1480 1401 urbes,
1567 1324 1850 1387 reditum
1918 1324 1986 1386 in
2051 1325 2334 1405 patriam
2407 1326 2483 1388 ad

404 1432 726 1507 parentes,
796 1445 926 1506 quo
994 1443 1186 1504 saepe
1259 1422 1381 1503 ipsi
1456 1423 1859 1504 maioresque
1930 1412 2172 1488 'eorum
2264 1426 2491 1488 trium-

304 1545 369 1591 10
403 1526 683 1606 phantes
725 1525 1080 1588 venissent:
1120 1544 1206 1613 se·
1234 1523 1405 1587 solos
1438 1524 1577 1587 sine
1612 1523 1895 1602 vulnere,
1941 1526 2079 1588 sine
2128 1525 2317 1603 ferre,
2354 1526 2491 1589 sine

406 1626 541 1688 acie
568 1626 803 1702 victos;
836 1624 959 1687 sibi
986 1645 1118 1687 non
1142 1624 1454 1703 stringere
1481 1623 1731 1687 licuisse
1757 1624 2023 1703 gladiOS,
2053 1647 2186 1689 non
2221 1645 2489 1689 manum

405 1745 554 1788 cum
610 1724 798 1788 hoste
853 1724 1167 1800 conferre;
1222 1722 1346 1787 sibi
1402 1724 1800 1803 nequiquam
1838 1725 2088 1788 animos
2123 1725 2332 1789 datos·

303 1845 365 1889 11
542 1824 723 1888 Haec
782 1824 1209 1888 frementibus
1259 1824 1419 1886 hora
1466 1822 1686 1886 fatalis
1741 1824 2130 1903 ignominiae
2199 1825 2486 1903 advenit,

401 1924 627 1988 omnia
668 1925 957 1988 tristiora
998 1923 1397 2003 experiundo
1442 1923 1717 1999 factura,
1766 1944 1966 2003 quam
2006 1945 2174 2005 quae
2234 1946 2489 2006 praece-

303 2045 369 2090 12
402 2030 637 2105 perant
684 2024 934 2087 animis.
1026 2024 1169 2085 Iam
1226 2023 1511 2103 primum
1569 2042 1719 2086 cum
1775 2023 2041 2102 singulis
2084 2026 2490 2089 vestimentis

401 2124 679 2188 inermes
751 2130 939 2188 extra
1008 2122 1253 2186 vallum
1332 2122 1507 2186 exire
1587 2122 1760 2200 iussi,
1843 2129 1911 2187 et
1991 2122 2183 2205 primi
2264 2126 2485 2190 traditi

302 2245 367 2290 13
400 2225 659 2289 obsides
744 2231 943 2305 atque
1027 2225 1094 2286 in
1180 2223 1546 2286 custodiam
1609 2224 1895 2286 abducti.
2001 2225 2170 2287 Tum
2237 2247 2276 2288 a
2341 2248 2489 2289 con-

400 2323 649 2388 sulibus
719 2324 896 2388 abire
966 2324 1222 2387 lictores
1294 2322 1448 2386 iussi
1515 2323 2114 2406 paludamentaque
2165 2325 2487 2404 detracta;

400 2424 467 2487 id
560 2431 820 2489 tantam
905 2424 1076 2505 inter
1159 2423 1352 2502 ipSOS,
1409 2423 1522 2503 qui
1618 2424 1814 2503 paulo
1896 2431 2049 2488 ante
2125 2445 2236 2489 eos
2311 2447 2490 2490 exse-

402 2531 657 2588 crantes
755 2523 1085 2587 dedendos
1183 2522 1688 2603 lacerandosque
1763 2532 2165 2602 censuerant,
2231 2527 2490 2590 misera-

300 2646 366 2690 14
400 2625 647 2688 tionem
737 2623 910 2699 fecit,
999 2629 1075 2686 ut
1160 2643 1316 2686 suae
1397 2623 1671 2704 quisque
1758 2624 2151 2688 condicionis
2247 2625 2487 2689 oblitus

402 2724 485 2787 ab
582 2723 693 2787 illa
782 2723 1253 2786 deformatione
1340 2729 1572 2786 tantae
1662 2725 2023 2788 maiestatis
2117 2724 2295 2788 velut
2406 2727 2488 2788 ab

334 2847 361 2889 1
398 2824 681 2887 nefando
797 2823 1167 2904 spectaculo
1276 2829 1598 2886 averteret
1703 2824 1941 2886 oculos.
2067 2825 2181 2888 VI.
2290 2827 2488 2888 Primi

400 2924 691 2987 consules
764 2945 965 3004 prope
1040 2923 1362 2986 seminudi
1434 2923 1558 2986 sub
1632 2923 1856 3004 iugum
1928 2925 2123 3001 missi,
2194 2931 2340 2988 tum
2411 2933 2488 2990 ut

400 3024 673 3105 quisque
719 3024 925 3103 gradu
973 3024 1307 3102 proximus
1362 3029 1524 3099 erat,
1574 3023 1673 3086 ita
1724 3024 2115 3104 ignominiae
2170 3025 2483 3101 obiectuS,

331 3146 367 3190 a
399 3130 545 3186 tum
595 3123 899 3204 deinceps
949 3121 1238 3202 singulae
1290 3121 1589 3201 legiones,
1686 3123 2214 3188 circumstabant
2253 3125 2489 3188 armati

398 3225 617 3287 hostes
655 3224 1125 3304 exprobrantes
1164 3221 1656 3303 eludentesque;
1697 3222 1890 3303 gladii
1929 3224 2130 3286 etiam
2169 3223 2488 3305 plerisque

458 3376 509 3419 7.
541 3372 675 3420 mu:
700 3373 787 3419 the
810 3372 1018 3418 consuls·
1491 3373 1644 3419 su18.”
1710 3374 1814 3419 The
1849 3375 2093 3420 Samnites
2126 3387 2209 3420 are
2242 3388 2352 3420 now
2387 3378 2490 3430 giv-

457 3444 509 3487 0.
541 3444 722 3487 vum:
769 3443 1103 3496 inaccurately
1150 3441 1272 3486 used
1320 3441 1398 3486 tor
1490 3444 1576 3494 ing
1600 3444 1686 3487 the
1710 3444 1891 3487 orders,
1950 3443 2378 3496 paludamenta:
2405 3446 2490 3490 the

394 3512 590 3562 variety
614 3512 744 3554 atter
784 3511 889 3554 iter.
980 3512 1114 3555 Both
1154 3522 1238 3555 are
1273 3511 1393 3554 “the
1490 3511 1659 3556 cloaks
1680 3513 1732 3554 of
1769 3511 1880 3562 gold
1905 3511 2004 3554 and
2041 3511 2215 3564 purple
2251 3523 2386 3555 worn
2421 3514 2489 3565 by

396 3578 655 3633 Journeyx’
720 3578 852 3629 ipa:
914 3578 1150 3628 referring
1200 3580 1255 3621 to
1307 3577 1394 3622 the
1490 3579 1577 3624 the
1601 3579 1957 3623 commandere.

394 3646 625 3698 parentes.
660 3655 715 3687 as
744 3645 863 3687 does
892 3655 1066 3688 eorum.
1555 3647 1640 3690 VI.
1677 3648 1725 3689 1.
1759 3647 1939 3698 gradu
2019 3647 2330 3698 proximum
2412 3648 2488 3691 l.e.

459 3713 539 3756 12.
572 3720 707 3756 cum
732 3740 746 3755 .
772 3741 787 3755 .
813 3741 827 3754 .
847 3711 1113 3755 inermen
1134 3713 1221 3756 the
1240 3716 1393 3756 terms
1487 3715 1762 3766 quaestores,
1795 3714 1946 3764 levati,
1979 3714 2175 3758 tribuni.

392 3780 448 3823 01
470 3780 556 3823 the
580 3782 695 3832 pact
720 3789 802 3822 are
826 3779 1119 3831 specifically
1141 3780 1390 3832 repeated.
1551 3783 1601 3824 2.
1636 3781 1937 3832 plerisque:
1957 3799 1999 3814 =
2010 3782 2270 3831 permultis.
2287 3792 2342 3824 as
2351 3782 2489 3826 often

459 3848 538 3891 1³.
573 3856 605 3890 a.
624 3845 971 3891 eon-ulmus:
992 3847 1157 3889 “from
1177 3847 1261 3890 the
1279 3858 1393 3890 con·
1487 3848 1540 3892 ln
1578 3849 1717 3899 Livy.
1787 3847 2136 3894 oflendunt:
2171 3850 2414 3894 iterative.
