2925 4375
394 242 496 292 146
1308 238 1373 291 Τ.
1409 238 1570 292 LIVI
2313 238 2410 303 [vi.
2449 242 2488 293 2

388 418 719 494 intentati,
798 424 866 482 et
942 417 1266 481 vulnerati
1343 418 1610 499 quidam
1687 419 2050 500 necatique‚
2128 421 2183 483 si
2261 420 2484 484 vultus

388 539 613 582 eorum
681 518 1071 598 indignitate
1140 539 1353 581 rerum
1424 520 1629 582 acrior
1698 520 2012 582 victorem
2081 520 2478 584 offendisset.

325 633 355 674 3
390 618 499 683 Ita
555 618 843 681 traducti
900 618 1023 681 sub
1081 619 1304 697 iugum
1362 626 1449 696 et,
1503 619 1678 699 quod
1737 640 1941 699 paene
2001 622 2261 699 gravius
2319 628 2481 698 erat,

388 739 504 800 per
556 719 844 781 hostium
896 718 1116 781 oculos
1170 739 1319 781 cum
1372 738 1409 781 e
1460 718 1634 782 saltu
1688 720 2065 795 evasissent,
2121 720 2244 783 etsi
2299 720 2482 784 velut

391 819 474 882 ab
541 818 759 882 inferis
824 820 1105 882 extracti
1171 825 1315 881 tum
1382 820 1666 900 primum
1734 818 1941 881 lucem
2010 821 2293 899 aspicere
2360 822 2483 883 visi

388 926 563 996 sunt,
626 926 849 981 tamen
908 919 1050 999 ipsa
1107 918 1222 981 lux
1279 920 1375 982 ita
1433 918 1721 981 deforme
1780 919 2188 982 intuentibus
2249 940 2483 999 agmen

326 1034 356 1075 4
389 1020 567 1082 omni
641 1026 849 1081 morte
923 1019 1170 1082 tristior
1229 1019 1372 1081 fuit.
1465 1018 1700 1098 Itaque
1774 1039 1922 1080 cum
1996 1026 2148 1081 ante
2221 1027 2481 1083 noctem

390 1120 682 1199 Capuam
732 1118 1067 1199 pervenire
1116 1126 1401 1199 possent,
1455 1118 1684 1181 incerti
1733 1118 1814 1180 de
1865 1119 1992 1180 fide
2041 1120 2364 1182 sociorum
2413 1126 2482 1183 et

392 1218 566 1299 quod
602 1218 814 1298 pudor
848 1219 1330 1298 praepediebat,
1370 1218 1540 1280 circa
1575 1218 1750 1279 viam
1787 1218 1962 1281 haud
1998 1218 2222 1298 procul
2257 1220 2482 1299 Capua

326 1334 355 1375 5
390 1319 684 1380 omnium
733 1339 937 1397 egena
986 1339 1255 1398 corpora
1305 1318 1489 1380 humi
1538 1324 2051 1397 prostraverunt.
2143 1318 2332 1394 Quod
2371 1318 2481 1380 ubi

390 1425 489 1481 est
536 1419 829 1497 Capuam
876 1419 1275 1494 nuntiatum,
1324 1418 1522 1480 evicit
1569 1418 1897 1480 miseratio
1943 1419 2117 1481 iusta
2160 1419 2480 1481 sociorum

327 1532 356 1574 6
390 1518 762 1598 superbiam
805 1518 1163 1596 ingenitam
1190 1517 1558 1597 Campanis.
1649 1517 2006 1580 Confestim
2048 1518 2325 1597 insignia
2365 1539 2482 1581 sua

392 1616 783 1693 consulibus,
846 1617 1051 1679 fasces
1112 1616 1465 1693 lictoribUS,
1531 1638 1732 1693 arma,
1787 1638 2008 1697 equOS,
2067 1618 2478 1693 vestimenta,

327 1732 357 1774 7
392 1724 795 1781 commeatus
859 1717 1173 1780 militibus
1235 1717 1510 1796 benigne
1574 1718 1852 1780 mittunt
1863 1739 1878 1794 ;
1941 1724 2008 1779 et
2073 1717 2482 1780 venientibus

389 1819 684 1897 Capuam
745 1824 1019 1879 cunctus
1077 1823 1343 1879 senatus
1402 1816 1811 1897 populusque
1871 1817 2135 1880 obviam
2194 1837 2484 1895 egressus

390 1917 577 1979 iustis
662 1917 966 1980 omnibus
1052 1916 1484 1995 hospitalibus
1569 1916 1972 1997 privatisque
2055 1922 2125 1979 et
2209 1916 2484 1997 publicis

326 2031 357 2073 8
390 2017 684 2095 fungitur
720 2016 962 2079 officiis.
1056 2016 1281 2096 Neque
1318 2015 1439 2077 illis
1477 2015 1798 2078 sociorum
1836 2016 2110 2079 comitas
2132 2016 2484 2096 vultusque

390 2116 650 2196 benigni
706 2122 773 2179 et
832 2116 1137 2197 adloquia
1192 2137 1324 2178 non
1381 2116 1577 2178 modo
1648 2137 2010 2179 sermonem
2067 2116 2312 2193 elicere,
2371 2115 2484 2179 sed

391 2237 471 2279 ne
514 2223 590 2279 ut
633 2217 854 2280 oculos
898 2216 1163 2297 quidem
1209 2215 1583 2279 attollerent
1629 2223 1744 2279 aut
1789 2217 2197 2280 consolantes
2242 2217 2484 2280 amicos

326 2333 355 2374 9
390 2324 618 2379 contra
675 2317 1085 2379 intuerentur
1140 2316 1387 2378 efficere
1445 2322 1752 2394 poterant
1764 2337 1780 2393 ;
1840 2316 2001 2379 adeo
2059 2338 2254 2396 super
2311 2337 2486 2378 mae-

390 2437 599 2479 rorem
631 2417 844 2497 pudor
876 2416 1145 2496 quidam
1178 2416 1398 2494 fugere
1431 2414 1752 2495 colloquia
1783 2423 1851 2479 et
1885 2423 2108 2479 coetus
2128 2417 2483 2479 hominum

296 2532 354 2574 10
391 2517 683 2596 cogebat.
774 2515 1042 2578 Postero
1118 2515 1222 2577 die
1296 2535 1445 2577 cum
1520 2515 1784 2586 iuvenes
1859 2516 2124 2592 nobileS,
2197 2517 2367 2579 missi
2448 2537 2487 2578 a

390 2617 632 2696 Capua,
701 2621 778 2678 ut
842 2616 1319 2696 proficiscentes
1387 2615 1470 2676 ad
1537 2616 1732 2677 finem
1797 2616 2206 2695 Campanum
2255 2636 2488 2695 -prose-

295 2733 349 2774 11
390 2723 763 2796 querentur,
826 2716 1266 2791 revertissent,
1331 2715 1679 2794 vocatique
1740 2714 1809 2778 in
1869 2715 2116 2780 curiam
2176 2736 2488 2795 percunc-

390 2817 686 2879 tantibus
772 2815 1123 2878 maioribus
1207 2821 1373 2877 natu
1457 2813 1666 2877 multo
1751 2815 1874 2878 sibi
1958 2816 2334 2878 maestiores
2416 2821 2486 2878 et

294 2933 354 2974 12
392 2916 756 2978 abiectioris
806 2914 1007 2978 animi
1055 2915 1226 2977 visos
1274 2914 1614 2976 referrent:
1711 2915 1872 2977 adeo
1919 2914 2112 2978 silens
2162 2936 2235 2977 ac
2284 2935 2488 2994 prope

392 3023 649 3078 mutum
682 3035 914 3094 agmen
942 3013 1299 3090 incessisse;
1330 3013 1536 3076 iacere
1565 3013 1850 3077 indolem
1880 3015 2057 3078 illam
2090 3016 2485 3091 Romanam,

390 3116 773 3196 ablatosque
843 3134 992 3176 cum
1063 3113 1257 3177 armis
1328 3113 1599 3191 animOS,
1670 3136 1804 3178 non
1871 3115 2136 3177 reddere
2203 3114 2488 3177 salutem

330 3201 333 3206 ¹
388 3215 849 3290 salutantibUS,
908 3235 1041 3277 non
1096 3213 1251 3276 dare
1308 3233 1711 3293 responsum,
1771 3236 1903 3278 non
1961 3215 2203 3277 hiscere
2261 3234 2492 3294 quem-

451 3456 500 3499 ³.
536 3454 692 3497 omni
719 3434 924 3496 morte:
950 3451 1115 3494 “than
1137 3459 1239 3501 any
1262 3449 1390 3492 form
1490 3453 1627 3495 hosts
1659 3454 1757 3496 and
1797 3453 2034 3503 (showed)
2069 3453 2264 3504 private
2293 3462 2348 3494 as
2380 3453 2492 3495 well

388 3523 440 3565 of
468 3521 671 3565 death.’'
1489 3532 1544 3563 as
1567 3522 1732 3572 public
1755 3521 2067 3562 courtesies.''

452 3592 501 3634 5·
535 3586 881 3638 superbiant
908 3596 988 3628 see
1011 3595 1077 3627 011
1103 3585 1148 3628 '7-
1176 3584 1253 3626 31.
1280 3584 1326 3626 6.
1553 3590 1602 3631 8.
1637 3587 2011 3632 consolantes:
2047 3587 2292 3629 conative.
2360 3594 2494 3630 con-

452 3658 501 3699 Β.
535 3663 661 3699 sua:
686 3653 855 3697 “their
878 3649 1246 3704 appropriate.”
1302 3648 1392 3693 See
1490 3657 1602 3700 tra:
1629 3667 1708 3698 see
1733 3666 1797 3698 on
1828 3657 1868 3698 1.
1902 3656 1973 3698 16.
2002 3655 2047 3698 6.

389 3734 455 3765 on
483 3725 523 3765 1.
555 3724 625 3765 19.
652 3724 697 3764 5.
1553 3726 1633 3767 ιο.
1668 3731 1802 3767 cum
1828 3751 1841 3766 .
1869 3751 1882 3766 .
1911 3752 1924 3764 .
1943 3721 2240 3765 referrent:
2261 3720 2491 3764 resumed

454 3793 502 3833 7.
535 3789 724 3833 lustin:
772 3786 1104 3833 substantive:
1152 3783 1391 3827 translate
1490 3794 1558 3844 by
1583 3803 1688 3834 cum
1713 3792 1824 3834 haec
1847 3791 2109 3836 dicerentur
2138 3791 2201 3841 (7,
2233 3791 2298 3843 1),

398 3857 551 3914 “kept
578 3857 641 3902 all
665 3856 752 3902 the
774 3853 966 3908 regular
990 3853 1313 3899 observances
1338 3861 1392 3894 as
