2925 4375
311 225 316 230 ι
375 267 571 320 xxxiii.
617 267 665 331 1]
1251 265 1490 319 LIBER
1528 268 1587 319 II
2412 271 2479 322 81

375 447 616 513 omnia.
704 446 960 509 Timere
992 444 1219 510 relicta
1253 443 1338 509 ab
1370 444 1505 511 suis
1538 442 1758 527 plebes
1782 447 2163 512 violentiam
2189 456 2482 529 patrum;

376 549 608 613 timere
656 553 877 626 patres
928 546 1203 609 residem
1254 545 1323 608 in
1370 546 1534 609 urbe
1583 547 1860 627 plebem,
1914 548 2163 625 incerti,
2218 570 2478 613 manere

304 668 338 709 ο
376 668 523 711 eam
590 668 675 710 an
740 646 916 709 abire
982 645 1270 710 mallent.
1361 646 1691 723 Quamdiu
1759 655 1982 711 autem
2027 648 2470 730 tranquillam,

378 768 547 829 quae
564 746 916 822 secesserit,
938 745 1433 808 multitudinem
1455 746 1630 808 fore?
1716 747 1887 824 Quid
1911 749 2208 811 futurum
2226 748 2479 826 deinde,

306 868 339 911 '7
376 849 429 911 si
469 846 644 928 quod
685 853 1032 908 externum
1069 845 1331 911 interim
1371 844 1613 907 bellum
1651 847 1966 911 exsistat?
2046 847 2308 911 Nullam
2336 867 2484 928 pro-

380 948 553 1011 fecto
608 946 730 1009 nisi
785 945 852 1007 in
910 945 1253 1008 concordia
1310 945 1552 1006 civium
1607 965 1791 1026 spem
1846 947 2162 1027 reliquam
2218 948 2478 1026 ducere,

378 1068 525 1111 eam
568 1065 685 1126 per
728 1065 957 1126 aequa,
1004 1065 1119 1124 per
1161 1044 1387 1124 iniqua
1431 1045 1976 1109 reconciliandam
2021 1047 2275 1111 civitati
2319 1068 2474 1112 esse.

306 1167 343 1211 8
380 1147 636 1210 Placuit
701 1146 900 1225 igitur
970 1151 1297 1208 oratorem
1372 1144 1456 1207 ad
1529 1144 1786 1226 plebem
1860 1146 2037 1209 mitti
2112 1148 2480 1211 Menenium

381 1246 759 1327 Agrippam,
797 1244 1156 1308 facundum
1194 1245 1409 1307 virum
1444 1251 1532 1322 et,
1573 1245 1749 1325 quod
1784 1245 1935 1307 inde
1971 1247 2282 1311 oriundus
2317 1256 2478 1325 erat,

379 1346 553 1427 plebi
593 1366 815 1409 carum
926 1345 993 1408 Is
1030 1344 1441 1409 intromissus
1480 1345 1549 1407 in
1589 1353 1803 1410 castra
1841 1347 2050 1425 prisco
2089 1347 2197 1410 illo
2225 1347 2480 1410 dicendi

378 1452 448 1509 et
495 1445 756 1509 horrido
806 1444 1001 1508 modo
1050 1445 1209 1507 nihil
1259 1444 1434 1507 aliud
1486 1444 1685 1525 quam
1735 1446 1856 1508 hoc
1906 1466 2199 1511 narrasse
2247 1448 2479 1510 fertur:
2557 1484 2566 1491 ·

306 1566 343 1611 9
379 1552 693 1626 tempore,
742 1566 872 1627 quo
917 1543 985 1607 in
1030 1544 1291 1608 homine
1338 1566 1489 1621 non,
1536 1551 1614 1607 ut
1659 1565 1852 1622 nunc,
1900 1546 2120 1609 omnia
2162 1546 2231 1609 in
2273 1566 2480 1609 unum

380 1640 873 1722 consentientia,
932 1643 1046 1707 sed
1103 1643 1370 1723 singulis
1428 1645 1736 1709 membris
1791 1664 1983 1709 suum
2041 1646 2273 1726 cuique
2331 1667 2480 1710 con-

378 1744 615 1822 silium,
684 1764 840 1808 suus
906 1763 1117 1807 sermo
1187 1743 1403 1820 fuerit,
1473 1743 1848 1825 indignatas
1914 1744 2202 1826 reliquas.
2262 1753 2482 1825 partes

378 1864 499 1909 sua
542 1864 715 1921 cura,
762 1864 880 1908 suo
925 1844 1143 1906 labore
1188 1864 1263 1905 ac
1308 1843 1668 1907 ministerio
1712 1844 1927 1907 ventri
1970 1844 2190 1908 omnia
2233 1846 2478 1926 quaeri,

382 1951 679 2008 ventrem
752 1942 820 2007 in
892 1943 1106 2005 medio
1180 1943 1480 2024 quietum
1553 1943 1711 2006 nihil
1785 1943 1961 2007 aliud
2034 1964 2235 2026 quam
2308 1945 2482 2010 datis

272 2066 342 2109 10
381 2042 835 2123 voluptatibus
899 2042 1025 2104 frui
1036 2062 1053 2120 ;
1118 2042 1522 2123 conspirasse
1584 2042 1755 2120 inde,
1821 2063 1902 2106 ne
1968 2064 2200 2108 manus
2264 2044 2346 2108 ad
2411 2066 2483 2109 os

380 2142 597 2206 cibum
642 2144 904 2220 ferrent,
951 2162 1068 2206 nec
1113 2164 1186 2207 os
1230 2141 1553 2224 acciperet
1597 2143 1857 2221 datum,
1897 2163 2014 2207 nec
2059 2144 2288 2209 dentes
2333 2165 2484 2209 con-

380 2245 665 2307 ficerent.
756 2245 898 2306 Hac
955 2244 1051 2306 ira
1106 2244 1266 2306 dum
1310 2250 1609 2307 ventrem
1666 2244 1839 2307 fame
1894 2244 2160 2308 domare
2216 2245 2478 2321 vellent,

379 2345 522 2423 ipsa
556 2363 693 2406 una
732 2342 1027 2406 membra
1066 2350 1417 2424 totumque
1458 2363 1692 2424 corpus
1733 2343 1815 2406 ad
1856 2352 2220 2408 extremam
2259 2345 2482 2408 tabem

271 2467 338 2511 11
381 2444 650 2507 venisse.
742 2443 905 2506 Inde
956 2443 1333 2523 apparuisse
1403 2444 1652 2507 ventris
1720 2464 1980 2525 quoque
2047 2444 2223 2508 haud
2291 2465 2483 2524 segne

380 2542 812 2607 ministerium
862 2563 1020 2620 esse,
1076 2563 1192 2606 nec
1248 2543 1453 2623 magis
1507 2543 1592 2606 ali
1644 2563 1845 2624 quam
1898 2544 2066 2607 alere
2116 2564 2287 2621 eum,
2342 2544 2484 2606 red-

378 2642 644 2706 dentem
705 2643 775 2706 in
837 2642 1049 2707 omnis
1112 2642 1397 2722 corporis
1459 2650 1682 2724 partes
1745 2644 1938 2720 hunc,
2004 2663 2136 2726 quo
2200 2644 2484 2708 vivimus

379 2743 823 2824 vigemusque,
885 2743 1171 2806 divisum
1231 2745 1477 2823 pariter
1533 2742 1602 2806 in
1659 2763 1880 2820 venas,
1943 2750 2275 2823 maturum
2335 2764 2485 2806 con-

271 2868 343 2911 12
380 2843 550 2906 fecto
607 2842 751 2906 cibo
806 2843 1208 2923 sanguinem.
1297 2843 1754 2922 Comparando
1811 2843 1980 2920 hinc,
2029 2863 2228 2923 quam
2287 2843 2484 2907 intes-

378 2941 521 3006 tina
571 2943 857 3022 corporis
907 2943 1141 3006 seditio
1190 2941 1416 3006 similis
1464 2948 1636 3006 esset
1685 2943 1817 3006 irae
1868 2943 2074 3022 plebis
2124 2943 2192 3005 in
2240 2950 2480 3024 patreS,

380 3042 631 3106 flexisse
672 3050 925 3106 mentes
962 3042 1320 3106 hominum.

309 3169 337 3210 1
503 3143 838 3205 XXXIII.
890 3142 1009 3222 Agi
1045 3141 1278 3205 deinde
1332 3141 1413 3204 de
1465 3143 1811 3205 concordia
1862 3150 2188 3222 coeptum,
2228 3162 2484 3206 conces-

374 3261 653 3323 sumque
687 3242 756 3305 in
810 3242 1240 3318 condiciones,
1287 3250 1363 3306 ut
1416 3242 1590 3322 plebi
1649 3243 1749 3306 sui
1795 3243 2218 3322 magistratus
2264 3249 2480 3306 essent

436 3465 487 3508 ’1.
520 3472 617 3516 per
650 3474 847 3516 aequa.
882 3473 981 3516 per
1010 3464 1235 3516 iniqua:
1268 3463 1377 3517 “by
1479 3464 1582 3508 dat.
1612 3465 1666 3508 of
1692 3464 1988 3516 advantage.

370 3533 468 3578 fair
496 3544 666 3577 means
694 3544 751 3577 or
781 3533 961 3580 foul.”.
1543 3534 1620 3576 11.
1655 3542 1792 3584 quo:
1821 3535 1931 3584 “by
1957 3533 2130 3581 which,
2161 3543 2215 3574 as
2242 3543 2272 3574 a
2299 3535 2482 3577 matter

436 3602 485 3644 8.
520 3603 825 3646 oratorem:
872 3611 953 3643 see
998 3610 1063 3642 on
1114 3601 1157 3643 1.
1206 3602 1281 3644 38.
1331 3603 1376 3644 2.
1477 3602 1530 3645 of
1553 3602 1706 3649 tact,”
1732 3603 1884 3644 hence
1909 3602 1994 3645 the
2017 3601 2164 3644 indic.

366 3669 527 3714 inde:
556 3687 600 3703 =
626 3680 683 3712 ex
712 3670 856 3721 plebe.
921 3668 1066 3712 num
1097 3667 1278 3712 aliud:
1310 3679 1375 3712 sc.
1543 3670 1622 3712 12.
1656 3669 1895 3712 flexisse:
1927 3669 2048 3712 with
2080 3669 2228 3719 fertur
2265 3669 2352 3717 (8).

367 3739 549 3791 recisse.
626 3737 730 3780 The
776 3737 909 3780 fable
950 3738 1063 3781 that
1106 3736 1295 3779 follows
1336 3737 1378 3778 is
1541 3734 1860 3778 XXXIII.1.
1883 3734 2249 3778 sacrosancti:
2284 3734 2481 3776 “invio-

366 3815 465 3848 0ne
488 3805 541 3846 of
564 3807 701 3854 great
728 3804 997 3856 antiquity.
1477 3802 1656 3852 lable‚'’
1689 3813 1742 3844 so
1774 3801 1885 3844 that
1918 3802 2039 3853 they
2062 3802 2218 3851 might
2251 3805 2332 3844 act
2357 3801 2482 3844 fear-

432 3873 484 3916 ⁹.
516 3871 870 3924 mma-natas:
898 3881 948 3914 sc
992 3882 1104 3914 esse.
1165 3870 1377 3914 ventri:
1475 3869 1637 3923 lessly.
1705 3869 1899 3916 auxilli
1931 3870 2095 3913 latiox
2129 3869 2228 3913 this
2261 3869 2390 3921 right
2427 3872 2482 3912 to
