2925 4375
319 246 404 303 liii
461 246 514 313 3]
1223 247 1460 301 LIBER
1497 247 1527 299 1
2357 251 2426 302 65

323 428 507 509 regni
534 428 618 491 ab
645 446 714 491 se
740 428 881 508 ipso
910 429 1221 491 adversus
1247 448 1314 491 se
1341 426 1716 507 exemplum
1744 426 1887 507 capi
1915 446 2123 507 posse,
2156 429 2427 492 armatis
2498 448 2505 452 ·

250 542 285 584 3
327 546 566 608 eorpus
625 529 1137 608 circumsaepsit;
1199 547 1410 608 neque
1469 527 1643 589 enim
1704 526 1791 590 ad
1849 527 1953 589 ius
2010 527 2189 607 regni
2248 529 2427 609 quic-

327 648 532 709 quam
578 634 836 709 praeter
883 628 1019 689 vim
1067 627 1375 703 habebat,
1426 633 1506 689 ut
1555 626 1666 707 qui
1714 646 1927 706 neque
1974 627 2197 708 populi
2244 628 2422 689 iussu

250 744 285 785 4
325 747 539 808 neque
591 727 962 790 auctoribus
1013 727 1327 807 patribus·
1361 732 1679 806 regnaret.
1777 727 1875 789 Eo
1927 726 2299 804 accedebat,
2345 735 2423 792 ut

327 828 399 889 in
460 828 733 890 caritate
792 827 1034 889 civium
1094 826 1251 889 nihil
1312 826 1449 908 spei
1508 827 1847 905 reponenti
1907 833 2088 890 metu
2148 847 2419 907 regnum

329 927 690 991 tutandum
729 934 940 990 esset.
1050 928 1258 1012 Quem
1320 933 1400 990 ut
1460 914 1757 1007 pluribus
1817 927 2159 1004 incuteret,
2210 928 2425 1007 cogni-

329 1027 545 1090 tiones
579 1026 959 1106 capitalium
991 1046 1206 1089 rerum
1238 1028 1376 1090 sine
1410 1027 1689 1090 consiliis
1721 1046 1837 1106 per
1866 1046 1935 1089 se
1967 1026 2141 1090 solus
2172 1046 2425 1089 exerce-

251 1146 286 1189 5
329 1125 469 1202 bat,
535 1146 776 1207 perque
839 1146 986 1189 eam
1050 1146 1314 1190 causam
1359 1126 1667 1203 occidere,
1733 1125 1802 1188 in
1864 1126 2164 1189 exsilium
2210 1146 2417 1206 agere,

330 1226 522 1289 bonis
567 1226 844 1289 multare
888 1232 1150 1306 poterat
1195 1248 1328 1289 non
1371 1232 1708 1306 suspectos
1754 1226 1949 1289 modo
1995 1232 2113 1290 aut
2155 1225 2419 1303 invisOS,

327 1325 445 1388 sed
510 1325 683 1389 unde
747 1326 905 1389 nihil
972 1326 1147 1389 aliud
1214 1346 1414 1407 quam
1481 1326 1793 1406 praedam
1856 1344 2115 1405 sperare
2178 1332 2417 1407 posset.

252 1445 287 1488 c
328 1425 684 1505 Praecipue
735 1425 830 1489 ita
883 1431 1148 1507 patrum
1201 1435 1471 1489 numero
1518 1426 1867 1489 imminuto
1921 1426 2161 1489 statuit
2212 1425 2423 1489 nullos

326 1526 397 1588 in
451 1531 670 1605 patres
722 1525 946 1605 legere,
1003 1544 1133 1607 quo
1189 1526 1626 1606 contemptior
1676 1526 2021 1606 paucitate.
2064 1524 2209 1605 ipsa
2259 1525 2419 1589 ordo

253 1646 286 1689 ⁷
323 1630 518 1701 esset,
587 1625 928 1707 minusque
991 1646 1107 1706 per
1167 1645 1236 1688 se
1299 1624 1458 1689 nihil
1525 1624 1629 1705 agi
1671 1624 2183 1704 indignarentur.
2295 1626 2421 1687 Hic

325 1724 504 1787 enim
564 1744 788 1804 regum
850 1725 1100 1804 primus
1162 1717 1482 1788 traditum
1546 1746 1585 1787 a
1646 1724 1969 1805 prioribus
2031 1745 2279 1789 morem
2341 1725 2423 1788 de

325 1824 633 1887 omnibus
679 1823 982 1887 senatum
1031 1823 1405 1887 consulendi
1451 1823 1671 1901 solvit,
1720 1823 2095 1888 domesticis
2142 1825 2423 1888 consiliis

325 1944 467 1987 rem
527 1923 857 2004 publicam
920 1924 1404 1987 administravit
1414 1944 1430 2001 ;
1496 1924 1756 2001 bellum,
1820 1943 2069 2004 pacem,
2134 1924 2417 2001 foedera,

323 2024 674 2087 societates
711 2044 826 2104 per
863 2043 932 2086 se
969 2024 1124 2103 ipse,
1169 2043 1316 2085 cum
1357 2023 1595 2104 quibus
1635 2023 1864 2100 voluit,
1905 2024 2151 2086 iniussu
2192 2024 2419 2105 populi

323 2129 710 2206 acsenatus
749 2124 904 2187 fecit
943 2123 1349 2206 diremitque.

249 2247 279 2289 1
453 2224 634 2287 LIII.
685 2207 842 2302 Neo,
865 2230 944 2287 ut
969 2225 1248 2287 iniustus
1273 2224 1342 2286 in
1370 2244 1530 2304 pace
1556 2245 1689 2301 rex,
1715 2224 1811 2287 ita
1837 2225 1974 2286 dux
2001 2225 2149 2286 beni
2176 2244 2422 2306 pravus

323 2323 484 2401 fuit;
529 2324 688 2405 quin
731 2344 809 2387 ea
853 2331 994 2387 arte
1039 2330 1382 2405 aequasset
1425 2325 1786 2404 superiores
1828 2344 2026 2404 regeS,
2073 2325 2142 2388 ni
2185 2325 2423 2405 degen-

248 2448 284 2490 2
321 2430 584 2487 eratum
623 2423 692 2486 in
733 2424 874 2488 aliis
913 2424 1062 2486 huic
1103 2443 1362 2505 quoque
1402 2424 1618 2487 decori
1654 2424 1997 2487 offecisset.
2082 2426 2149 2486 Is
2174 2424 2423 2506 primus

321 2523 576 2586 Volscis
620 2523 861 2585 bellum
905 2523 974 2586 in
1021 2524 1337 2588 ducentos
1380 2523 1659 2602 amplius
1703 2531 1855 2604 post
1898 2543 2085 2588 suam
2131 2532 2421 2588 aetatem

321 2642 532 2686 annos
592 2623 820 2700 movit,
883 2615 1316 2704 Suessamque
1372 2624 1739 2687 Pometiam
1796 2645 1879 2688 ex
1937 2625 2051 2688 his·
2099 2624 2168 2688 vi
2225 2625 2418 2705 cepit.

248 2749 283 2791 3
320 2722 458 2788 Ubi
510 2742 661 2784 cum
710 2722 1050 2786 divendita
1083 2723 1325 2803 praeda
1378 2724 1816 2805 quadraginta
1866 2724 2120 2788 talenta
2170 2725 2423 2804 argenti

320 2823 670 2897 refecisset,
757 2823 1051 2903 concepit
1133 2824 1348 2887 animo
1429 2843 1575 2886 eam
1658 2824 2160 2904 amplitudinem
2243 2825 2422 2888 Iovis

384 2975 437 3018 8.
470 2973 539 3019 ut
565 2974 687 3026 qui:
713 2984 794 3019 see
817 2974 1068 3020 on'Praef.
1097 2975 1141 3018 2.

384 3041 436 3083 4.
468 3041 532 3084 in
567 3041 824 3084 caritate:
859 3042 912 3084 in
946 3045 1165 3085 contrast
1201 3044 1322 3091 with

1417 2985 1519 3018 was
1555 2975 1673 3028 only
1710 2987 1775 3020 an
1811 2975 2045 3028 advisory
2081 2975 2232 3028 body.
2305 2975 2424 3020 Tar-

1421 3044 1539 3092 quin
1584 3044 1753 3096 finally
1797 3044 2019 3096 dropped
2065 3044 2131 3086 all
2177 3047 2416 3096 pretense,

319 3108 522 3152 Servius
557 3109 651 3158 (46.
688 3109 753 3159 1).
814 3109 1134 3159 reponenti:
1164 3120 1230 3153 sc.
1261 3110 1320 3159 εἰ.

319 3176 411 3218 the
427 3178 574 3226 agent
592 3175 713 3218 with
729 3176 982 3218 tutandum
999 3177 1128 3219 esset.
1179 3176 1324 3228 capia

318 3242 555 3287 ullum:
608 3245 658 3286 in
683 3242 769 3286 the
793 3243 988 3285 Roman
1011 3253 1163 3292 sense,
1189 3254 1324 3286 cases

318 3310 557 3360 affecting
594 3309 692 3359 lite,
724 3309 930 3361 liberty.
975 3314 1225 3362 property,
1269 3321 1325 3352 or

317 3377 626 3429 citizenship.
728 3377 997 3420 conciuit:
1063 3378 1141 3420 i.e.
1210 3387 1325 3419 con-

318 3444 489 3488 sellors
528 3443 649 3487 with
691 3443 777 3487 the
818 3444 997 3497 special
1038 3444 1324 3494 knowledge

318 3511 522 3560 needed.
547 3511 710 3554 whom
731 3511 794 3554 he
814 3511 971 3562 might
994 3511 1122 3554 have
1143 3512 1323 3554 chosen

318 3581 450 3622 from
476 3578 562 3622 the
586 3581 757 3622 senate
780 3579 862 3622 list
890 3582 944 3622 to
970 3578 1052 3621 aid
1078 3579 1196 3622 him.

386 3647 435 3688 8.
469 3646 644 3689 unde:
672 3661 715 3678 =
743 3656 832 3695 eos,
865 3655 896 3686 a
925 3645 1110 3696 quibus.

383 3713 434 3755 7.
469 3711 757 3756 omnibus:
821 3715 958 3756 neut.
1055 3713 1322 3756 senatum

317 3778 674 3824 consulendi:
735 3779 893 3821 under
952 3779 1038 3822 the
1097 3779 1324 3823 absolute

315 3845 425 3890 mle
451 3846 504 3888 of
531 3845 616 3890 the
643 3845 785 3897 kings
813 3845 900 3890 the
927 3850 1097 3891 senate
1125 3849 1177 3890 at
1207 3845 1318 3890 best

1418 3109 1519 3152 and
1587 3110 1846 3153 counseled
1915 3111 2033 3162 only
2101 3111 2223 3154 with
2292 3111 2421 3154 close

1419 3176 1619 3220 friends,

1485 3244 1621 3286 LIII.
1658 3245 1706 3286 1.
1740 3243 1903 3295 quin:
1932 3261 1975 3278 ==
2002 3244 2121 3296 quin
2142 3245 2298 3288 ettam.
2356 3253 2421 3288 ea

1420 3310 1564 3354 arte:
1587 3311 1695 3362 “by
1724 3310 1800 3353 his
1830 3311 1942 3353 skill
1976 3310 2024 3353 ln
2059 3310 2209 3370 thisss'
2263 3311 2422 3362 dege-

1420 3378 1710 3421 neratum:
1762 3380 1899 3420 neut.
1955 3383 2089 3429 ptcp.
2136 3388 2190 3420 as
2242 3378 2421 3427 subst.;

1422 3446 1549 3488 “the
1580 3446 1680 3488 fact
1716 3445 1768 3487 ot
1782 3443 1877 3487 his
1912 3444 2264 3496 degeneracy.”

1483 3514 1533 3556 2.
1566 3513 1651 3556 ln:
1679 3513 1756 3556 Le.
1786 3513 1827 3556 it
1856 3522 1946 3554 ran
1974 3513 2081 3554 into
2110 3522 2141 3554 a
2170 3523 2270 3555 war
2298 3512 2418 3556 last-

1419 3581 1507 3630 ing
1532 3589 1585 3621 so
1611 3579 1741 3629 long.

1483 3647 1533 3689 8.
1567 3646 1943 3697 quadraginta
1982 3646 2223 3688 talenta:
2264 3656 2420 3689 some-

1418 3713 1552 3756 what
1594 3712 1687 3755 less
1728 3713 1851 3756 than
1896 3714 2111 3761 850.000.
2189 3712 2291 3755 The
2333 3723 2419 3756 use

1419 3780 1472 3822 ot
1561 3782 1736 3824 talenta
1814 3779 1973 3821 shows
2055 3779 2165 3822 that
2251 3779 2420 3830 Livy's

1419 3856 1590 3890 source
1616 3857 1717 3890 was
1745 3856 1838 3890 one
1865 3847 1917 3890 of
1945 3846 2030 3891 the
2058 3845 2191 3899 early
2222 3845 2420 3890 Roman
