2925 4375
388 173 485 228 xli.
525 172 589 239 l].
1262 169 1500 225 LIBER
1535 169 1586 225 V
2384 172 2485 225 117

388 360 614 417 tamen
662 372 885 415 earum
935 352 1002 414 in
1054 371 1264 415 arcem
1314 372 1465 416 suos
1515 358 1890 432 persecutae
1939 358 2114 427 sunt,
2167 371 2298 427 nec,
2333 372 2481 431 pro-

390 454 657 515 hibente
705 451 836 514 ullo
886 472 1003 514 nec
1054 458 1353 527 vocante,
1406 452 1581 533 quia,
1634 451 1810 532 quod
1859 450 2022 514 utile
2071 450 2347 514 obsessis
2397 450 2478 513 ad

391 550 814 614 minuendam
846 550 1170 614 imbellem
1204 550 1716 627 multitudinem,
1754 550 1818 613 id
1853 570 2085 631 parum
2120 550 2481 614 humanum

323 670 357 713 5
390 657 552 715 erat.
644 650 791 715 Alia
832 650 1116 714 maxime
1145 650 1366 731 plebis
1401 652 1617 727 turba,
1657 670 1856 732 quam
1902 670 2020 713 nec
2066 670 2294 730 capere
2338 656 2490 738 tam·

391 752 663 830 exiguus
699 750 875 814 collis
909 771 1026 813 nec
1064 750 1231 814 alere
1266 750 1333 813 in
1369 756 1562 814 tanta
1595 750 1816 830 inopia
1849 750 2160 814 frumenti
2197 756 2478 829 poterat,

391 871 476 913 ex
520 850 679 913 urbe
722 851 930 914 effusa
973 849 1155 914 velut
1201 850 1456 929 agmine
1501 851 1632 913 iam
1678 871 1809 913 uno
1855 851 2046 931 petiit
2092 849 2476 914 Ianiculum.

324 969 359 1012 c
393 950 559 1013 Inde
597 971 748 1030 pars
787 971 902 1030 per
942 971 1127 1029 agros
1166 949 1417 1030 dilapsi,
1449 971 1601 1031 pars
1640 950 1832 1014 urbes
1872 957 2110 1030 petunt
2150 950 2482 1027 finitimae,

393 1052 531 1113 sine
583 1049 714 1112 ullo
768 1049 931 1113 duce
986 1056 1102 1113 aut
1156 1070 1490 1127 consensu,
1547 1071 1733 1113 suam
1787 1051 2060 1132 quisque
2113 1070 2316 1130 spem,
2365 1070 2489 1114 sua

396 1149 663 1213 consilia
701 1150 1154 1222 communibus
1191 1149 1544 1229 deploratis
1582 1157 1943 1232 sequentes.

329 1269 361 1313 '7
522 1248 791 1313 Flamen
880 1249 1138 1312 interim
1171 1238 1175 1243 ’
1232 1250 1578 1327 Quirinalis
1672 1250 2077 1331 virginesque
2166 1250 2482 1327 VestaleS,

397 1350 635 1413 omissa
684 1369 898 1412 rerum
948 1370 1213 1412 suarum
1264 1371 1437 1426 cura,
1493 1370 1660 1431 quae
1711 1371 2041 1414 sacrorum
2091 1371 2312 1415 secum
2363 1350 2488 1413 fer-

396 1449 585 1526 enda,
631 1470 817 1530 quae,
863 1450 1019 1530 quia
1059 1450 1227 1513 vires
1270 1450 1353 1513 ad
1394 1450 1618 1513 onmia
1658 1450 1932 1515 ferenda·
1962 1450 2254 1527 deerant,
2298 1448 2486 1513 relin-

399 1548 662 1630 quenda
689 1555 925 1625 essent,
958 1548 1420 1625 consultantes,
1454 1544 1681 1629 quisve
1711 1570 1789 1612 ea
1817 1548 1994 1613 locus
2023 1550 2197 1613 fideli
2227 1550 2490 1613 adserv-

330 1668 365 1713 8
400 1654 631 1712 aturus
662 1648 959 1711 custodia
987 1654 1175 1725 esset,
1207 1650 1534 1729 optimum
1563 1649 1815 1713 ducunt
1846 1649 2112 1713 condita
2140 1650 2207 1713 in
2235 1649 2488 1713 doliolis

398 1748 632 1812 sacello
692 1749 988 1829 proximo
1050 1748 1316 1811 aedibus
1377 1748 1655 1812 flaminis
1715 1748 2080 1826 Quirinalis,
2141 1749 2256 1812 ubi
2314 1770 2489 1813 nunc

399 1847 629 1928 despui
665 1848 884 1928 religio
922 1854 1043 1923 est,
1084 1847 1410 1925 defodere3
1450 1854 1666 1911 cetera
1701 1848 1872 1912 inter
1905 1868 1975 1912 se
2011 1868 2204 1912 onere
2240 1849 2490 1931 partito

400 1949 619 2011 ferunt
682 1948 811 2024 via,
878 1967 1046 2028 quae
1107 1948 1374 2011 sublicio
1439 1954 1642 2028 ponte
1704 1948 1887 2012 ducit
1951 1949 2034 2011 ad
2099 1949 2486 2012 Ianiculum.

330 2069 364 2112 9
400 2049 481 2111 In
528 2068 605 2111 eo
656 2047 822 2111 clivo
870 2069 981 2111 eas
1030 2068 1178 2109 cum
1228 2048 1299 2109 L.
1344 2048 1654 2125 Albinius,
1706 2048 1788 2111 de
1836 2048 2024 2129 plebe
2071 2049 2287 2127 hom0,
2340 2070 2492 2113 con-

398 2149 737 2228 spexisset,
801 2147 1091 2229 plaustro
1153 2147 1491 2234 coniugem
1551 2168 1626 2212 ac
1688 2147 1919 2213 liberos
1979 2149 2262 2214 avehens
2322 2149 2494 2213 inter

399 2255 684 2311 ceteram
750 2250 1035 2324 turbam,
1106 2268 1272 2328 quae
1338 2247 1584 2312 inutilis
1649 2248 1817 2313 bello
1884 2250 2046 2312 urbe
2110 2250 2489 2326 excedebat,

297 2370 365 2412 10
397 2348 582 2412 salvo
634 2349 835 2412 etiam
888 2355 1032 2410 tum
1085 2348 1451 2412 discrimine
1503 2348 1873 2412 divinarum
1926 2350 2492 2430 humanarumque

398 2469 637 2525 rerum,
706 2448 1073 2527 religiosum
1140 2456 1322 2512 ratus
1387 2448 1754 2530 sacerdotes
1822 2449 2114 2530 publicas
2179 2471 2492 2531 sacraque

399 2548 626 2630 populi
656 2548 939 2612 Romani
967 2548 1242 2628 pedibus
1269 2548 1361 2610 ire
1390 2548 1688 2630 ferrique,
1719 2568 1788 2612 se
1817 2569 1890 2612 ac
1919 2571 2070 2612 suos
2098 2549 2167 2611 in
2196 2547 2492 2613 vehiculo

401 2648 706 2729 conspici,
764 2647 1151 2712 descendere
1204 2669 1475 2712 uxorem
1531 2669 1606 2712 ac
1662 2669 1895 2729 pueros
1949 2649 2156 2725 iussit,
2215 2643 2494 2728 virgines

398 2769 713 2830 sacraque
748 2748 816 2811 in
851 2748 1218 2830 plaustrum
1253 2749 1567 2830 imposuit
1599 2754 1669 2811 et
1705 2750 1920 2825 Caere,
1961 2771 2090 2831 quo
2126 2748 2252 2812 iter
2285 2768 2495 2812 sacer·

398 2847 665 2912 dotibus
702 2855 863 2926 erat,
902 2849 1217 2930 pervexit.
2195 2839 2212 2854 ⁶

332 2970 360 3012 1
528 2949 703 3011 XLI.
754 2951 1003 3012 Romae
1047 2949 1307 3013 interim
1350 2949 1510 3014 satis
1562 2950 1693 3012 iam
1737 2949 2062 3026 omnibUS,
2120 2955 2196 3012 ut
2251 2947 2320 3012 in
2376 2947 2494 3012 tali

401 3067 491 3124 rc,
528 3048 610 3110 ad
645 3050 960 3112 tuendam
995 3070 1208 3112 arcem
1242 3049 1639 3130 compositis,
1675 3049 1873 3113 turba
1905 3049 2232 3112 seniorum
2264 3049 2494 3114 domos

400 3147 668 3228 regressi
712 3148 1072 3212 adventum
1116 3150 1404 3212 hostium
1446 3149 1780 3212 obstinato
1826 3148 1909 3212 ad
1954 3156 2232 3211 mortem
2276 3148 2494 3211 animo

466 3367 515 3410 Β.
548 3374 715 3410 tuam
747 3366 984 3418 quisque
1017 3375 1199 3418 spem:
1234 3366 1401 3410 “their
1564 3365 1643 3409 10.
1675 3365 2025 3417 religiosum:
2045 3365 2314 3418 emphatic:
2334 3378 2414 3410 see
2431 3378 2498 3409 on

399 3435 599 3477 various
624 3432 827 3486 hopes.''
1500 3435 1545 3477 8.
1597 3434 1782 3477 caere:
1799 3443 1865 3475 an
1883 3433 2115 3475 Etrurian
2132 3436 2281 3483 town,
2299 3435 2501 3477 whence

465 3502 515 3544 8.
550 3501 744 3552 ‹10st
789 3501 1008 3552 religio:
1056 3501 1127 3544 “a
1172 3501 1402 3551 sacrilege
1499 3500 1816 3542 caeremoniae
1857 3500 1900 3542 is
1943 3499 2049 3542 said
2093 3504 2148 3542 to
2191 3499 2256 3542 be
2297 3500 2498 3544 derived

402 3572 457 3611 to
492 3567 643 3619 spit.”
710 3567 945 3610 sublicio
979 3567 1177 3618 ponte:
1210 3578 1402 3611 reverse
1501 3567 1709 3609 because
1737 3567 1824 3610 the
1853 3567 2045 3610 Vestals
2071 3577 2199 3610 were
2225 3566 2400 3620 kindly
2426 3577 2501 3610 re-

401 3635 455 3677 os
507 3633 648 3676 usual
700 3633 842 3677 order
894 3633 1105 3677 without.
1159 3638 1400 3686 apparent
1501 3633 1669 3678 ceived
1695 3635 1848 3679 there.

402 3711 594 3745 reason.
659 3701 749 3745 See
781 3711 845 3743 on
882 3702 923 3744 1.
963 3703 1034 3744 12.
1068 3702 1115 3745 6.
1565 3702 1699 3747 XLI.
1734 3703 1784 3747 1.
1817 3701 1910 3746 ut:
1946 3702 2237 3745 restrictive.
2309 3701 2400 3746 See
2435 3711 2502 3744 on

466 3769 517 3812 9.
551 3768 718 3812 clivo:
748 3780 827 3812 see
857 3778 922 3811 on
957 3769 997 3812 1.
1029 3770 1105 3812 48.
1137 3770 1183 3813 6.
1506 3771 1547 3812 1.
1581 3772 1650 3814 18.
1683 3772 1724 3814 1.
