2925 4375
222 273 414 329 xxvii.
456 272 508 337 3]
1092 270 1326 327 mssa
1366 226 1457 347 1r‚1
2263 273 2334 326 85

222 475 351 518 seu
412 474 561 517 cum
618 460 852 531 araret,
910 453 1088 533 operi
1146 460 1337 529 certe,
1395 451 1462 515 id
1521 453 1697 535 quod
1755 461 2035 531 constat,
2095 456 2334 534 agresti

224 554 554 627 intentus,
608 553 817 618 salute
869 554 1029 617 data
1078 553 1146 617 in
1199 553 1407 615 vicem
1458 553 1843 634 redditaque
1894 561 2180 633 rogatus,
2233 562 2330 632 ut,

226 654 418 735 quod
471 654 633 716 bene
686 660 967 716 verteret
1018 654 1141 732 ipsi
1192 654 1411 733 reique
1462 653 1781 732 publicae,
1834 660 2100 733 togatus
2151 674 2333 719 man-

225 753 401 816 data
479 761 746 817 senatus
828 753 1103 826 audiret,
1188 752 1550 816 admiratus
1631 752 2072 833 rogitansque·
2131 755 2334 819 ‘satin

224 854 485 917 salve?'
563 861 787 933 togam
848 872 1117 933 propere
1152 872 1187 914 e
1223 852 1483 931 tugurio
1519 853 1802 930 proferre
1837 871 2108 915 uxorem
2146 855 2335 917 Raci-

122 972 187 1011 ιο
228 954 395 1016 liam
428 953 630 1017 iubet.
697 955 843 1030 Qua
874 953 1064 1016 simul
1093 952 1384 1015 absterso
1411 952 1677 1031 pulvere
1711 972 1784 1014 ac
1818 952 2052 1015 sudore
2081 954 2336 1019 velatus

228 1054 573 1133 processit,
612 1054 1000 1116 dictatorem
1035 1072 1186 1115 eum
1224 1051 1417 1129 legati
1456 1051 1858 1129 gratulantes
1897 1053 2331 1131 consalutant,

228 1153 307 1216 in
354 1153 585 1215 urbem
636 1158 896 1229 vocant,
949 1152 1059 1232 qui
1110 1159 1315 1214 terror
1362 1151 1447 1214 sit
1497 1151 1564 1212 in
1613 1151 1921 1228 exercitU,
1972 1162 2330 1233 exponunt.

123 1270 183 1310 11
229 1252 449 1316 Navis
482 1252 787 1329 Quinctio
814 1252 1069 1331 publice
1111 1257 1345 1330 parata
1386 1250 1533 1325 fuit,
1580 1257 2333 1332 transvectumque'tres

228 1352 506 1415 obviam
552 1352 785 1431 egressi
832 1351 945 1412 filii
989 1350 1344 1429 excipiunt,
1392 1350 1544 1411 inde
1591 1350 1698 1412 alii
1743 1351 2090 1431 propinqui
2137 1360 2336 1433 atque

230 1452 452 1528 amici,
498 1458 642 1515 tum
685 1459 950 1530 patrum
994 1450 1200 1513 maior
1241 1470 1409 1529 pars.
1504 1451 1600 1511 Ea
1627 1450 1993 1530 frequentia
2029 1451 2333 1531 stipatus,‚

127 1570 191 1611 12
230 1551 779 1615 antecedentibus
865 1550 1218 1626 lictoribus,
1277 1549 1600 1612 deductus
1683 1555 1782 1612 est
1868 1550 2156 1613 domum.
2249 1554 2336 1615 Et

229 1651 448 1731 plebis
507 1671 855 1715 concursus
914 1650 1139 1729 ingens
1198 1649 1351 1724 fuit;
1410 1648 1522 1711 sed
1582 1669 1661 1711 ea
1719 1669 2134 1730 nequaquam
2197 1660 2336 1715 tam

231 1751 415 1814 laeta
457 1750 835 1828 Quinctium
878 1749 1065 1826 vidit,
1109 1755 1176 1812 et
1216 1748 1470 1827 imperii
1512 1748 1784 1810 nimium
1827 1757 1895 1812 et
1937 1750 2150 1812 virum
2193 1749 2335 1832 ipso

229 1850 510 1931 imperio
533 1849 1081 1913 vehementiorem
1119 1855 1284 1911 rata.
1376 1849 1463 1911 Et
1501 1846 1611 1910 illa
1648 1848 1910 1928 quidem
1950 1858 2141 1914 nocte
2180 1851 2336 1915 nihil

234 1958 701 2031 praeterquam
743 1949 1084 2029 vigilatum
1124 1956 1224 2033 est
1264 1946 1330 2011 in
1367 1947 1548 2010 urbe.

165 2068 189 2108 1
366 2051 655 2113 XXVII.
696 2051 964 2113 Postero
987 2049 1091 2111 die
1113 2048 1418 2123 dictator,
1444 2069 1595 2111 cum
1619 2056 1772 2112 ante
1796 2049 2003 2113 lucem
2032 2051 2098 2113 in
2122 2052 2335 2115 forum

230 2150 543 2228 venisset,
570 2150 953 2231 magistrum
975 2148 1273 2230 equitum
1298 2148 1455 2211 dicit
1483 2150 1551 2210 L.
1571 2150 2004 2230 Tarquitium,
2026 2152 2336 2232 patriciae

232 2251 470 2331 gentis,
533 2251 646 2314 sed
712 2251 843 2331 qui,
911 2271 1059 2314 cum
1121 2248 1449 2329 stipendia
1513 2249 1786 2329 pedibus
1849 2259 2116 2332 propter
2177 2274 2338 2333 pau-

231 2357 564 2430 pertatem
620 2350 897 2427 fecisset,
953 2349 1122 2413 bello
1176 2355 1400 2412 tamen
1456 2349 1702 2428 primus
1758 2349 1942 2430 longe
1999 2352 2337 2416 Romanae

168 2467 195 2506 2
228 2451 602 2514 iuventutis
675 2451 939 2514 habitus
1011 2455 1200 2512 esset.
1290 2450 1453 2511 Cum
1528 2449 1837 2528 magistro
1909 2452 2207 2532 equitum
2269 2454 2336 2517 in

232 2549 613 2613 contionem
665 2551 865 2626 venit,
918 2549 1243 2613 iustitium
1295 2548 1513 2625 edicit,
1568 2548 1781 2612 claudi
1832 2551 2140 2615 tabernas
2191 2559 2336 2616 tota

232 2650 400 2712 urbe
466 2649 668 2727 iubet,
740 2657 925 2713 vetat
994 2669 1392 2730 quemquam
1461 2648 1759 2728 privatae
1826 2650 2178 2731 quicquam
2246 2653 2334 2716 rei

170 2765 197 2805 3
232 2769 446 2829 agere.
535 2751 724 2827 Tum,
783 2751 1177 2830 quicumque
1233 2754 1451 2811 aetate
1507 2748 1770 2811 militari
1823 2757 2058 2827 essent,
2100 2754 2335 2816 armati

236 2870 394 2912 cum
448 2850 701 2913 cibariis
752 2850 821 2912 in
873 2850 1008 2913 dies
1061 2849 1349 2928 quinque
1401 2849 1602 2911 coctis
1655 2848 1969 2929 vallisque
2020 2850 2336 2916 duodenis

1400 3049 1478 3092 12.
1511 3049 1783 3094 nimum:
1833 3054 1870 3093 'a
1930 3053 2088 3097 subst.

1337 3117 1697 3160 mentiorem:
1755 3118 1883 3169 “apt

1336 3183 1649 3225 transcend.’'

1400 3248 1618 3294 XXVII.
1654 3252 1702 3293 1.
1737 3252 2119 3302 Tarquitium:
2183 3255 2334 3297 tradi-

233 3053 319 3094 Sc.
346 3061 419 3093 res
444 3062 497 3093 as
522 3051 730 3102 subject.
792 3053 869 3093 An
894 3049 1236 3101 introductory

233 3115 363 3160 wish
426 3114 477 3156 in
542 3115 805 3165 beginning
868 3112 1043 3156 formal
1097 3113 1239 3156 busi-

232 3191 368 3224 ness,
449 3179 703 3231 togatus:
762 3180 847 3223 the
901 3190 1077 3232 proper
1134 3190 1238 3222 cos-

234 3253 381 3291 tume
428 3248 503 3290 for
552 3252 683 3290 state
730 3248 966 3290 business,
1050 3247 1238 3290 Cincin-

2173 3053 2337 3098 vohe-

1941 3120 2222 3172 arbitrarlly
2278 3126 2333 3164 to

234 3317 391 3358 natus
429 3325 529 3356 was
568 3313 679 3356 clad
720 3314 837 3365 only
877 3314 929 3356 in
969 3314 1044 3356 his
1084 3315 1236 3358 tunic.

235 3383 316 3425 ct.
343 3381 484 3430 verg.
512 3380 739 3432 Georgica
768 3383 809 3424 1.
837 3383 927 3423 299
952 3382 1113 3424 nudus
1136 3392 1235 3428 ara.

233 3458 338 3491 sere
367 3449 543 3490 nudus.
577 3448 729 3490 satin
747 3446 931 3491 salve?
981 3446 1239 3498 colloquial

244 3533 291 3548 =
319 3515 497 3556 satisne
530 3515 654 3556 salve
688 3515 823 3564 auis?
857 3515 938 3556 “is
972 3515 1039 3557 all
1071 3514 1239 3556 well?''

303 3583 384 3624 10.
418 3580 797 3632 consalutant.
840 3585 955 3624 etc.:
996 3585 1116 3624 note
1154 3582 1240 3624 the

234 3650 382 3692 haste
410 3649 461 3690 in
491 3648 575 3690 the
606 3648 898 3699 asyndeton.

301 3717 383 3759 11.
416 3714 679 3759 domum:
721 3715 820 3757 this
859 3717 965 3766 city
1006 3719 1239 3767 property

236 3781 541 3825 contradicts
568 3779 657 3824 the
682 3780 890 3832 popular
918 3785 1059 3833 story
1086 3783 1138 3824 of
1165 3782 1241 3824 his

238 3853 467 3903 poverty.
1025 3861 1031 3868 ·

1337 3317 1441 3358 tion
1474 3317 1572 3358 had
1602 3317 1822 3368 changed
1848 3319 1933 3362 the
1965 3330 2134 3362 nomen
2159 3322 2337 3364 abomi-

1337 3384 1552 3425 nandum
1578 3384 1628 3425 ot
1661 3383 1746 3427 the
1777 3385 2042 3435 Tarquinii.
2108 3387 2178 3430 Cf.
2214 3390 2255 3431 2.
2287 3391 2332 3431 2.

1343 3452 1413 3493 11.
1477 3450 1734 3500 pedibus:
1795 3451 1882 3494 the
1943 3454 2184 3504 patriciam
2234 3465 2336 3497 was

1338 3517 1532 3568 usually
1563 3518 1816 3562 mounted.

1400 3585 1450 3626 2.
1483 3584 1797 3629 iustitium:
1853 3596 1884 3628 a
1939 3588 2228 3638 suspension
2283 3590 2337 3632 οἵ

1337 3648 1462 3699 legal
1493 3650 1726 3694 business.

1400 3718 1451 3760 8.
1486 3717 1728 3761 cibariis:
1795 3719 2072 3763 “munna''
2202 3722 2336 3766 duo-

1339 3785 1521 3827 damst
1551 3785 1636 3827 the
1665 3786 1804 3828 usual
1834 3787 2041 3829 number
2069 3798 2169 3830 was
2198 3789 2336 3833 three

1339 3861 1394 3892 or
1422 3851 1547 3894 four.
1609 3852 1891 3896 adessent:
1922 3854 2177 3906 “repom”
2233 3855 2336 3900 The
