<?xml version="1.0" encoding="UTF-8"?>
<!DOCTYPE html PUBLIC "-//W3C//DTD XHTML 1.0 Transitional//EN"
    "http://www.w3.org/TR/xhtml1/DTD/xhtml1-transitional.dtd">
<html xmlns="http://www.w3.org/1999/xhtml" xml:lang="en" lang="en">
 <head>
  <title>
</title>
<meta http-equiv="Content-Type" content="text/html;charset=utf-8" />
  <meta name='ocr-system' content='tesseract 3.04.00' />
  <meta name='ocr-capabilities' content='ocr_page ocr_carea ocr_par ocr_line ocrx_word'/>
</head>
<body>
  <div class='ocr_page' id='page_1' title='image "./livyselectionsf01longgoog_0103.png"; bbox 0 0 2925 4375; ppageno 0'>
   <div class='ocr_carea' id='block_1_1' title="bbox 322 324 2423 389">
    <p class='ocr_par' dir='ltr' id='par_1_1' title="bbox 322 324 2423 389">
     <span class='ocr_line' id='line_1_1' title="bbox 322 324 2423 389; baseline 0 -12"><span class='ocrx_word' id='word_1_1' title='bbox 322 325 442 379; x_wconf 87' lang='lat' dir='ltr'><strong>xlv.</strong></span> <span class='ocrx_word' id='word_1_2' title='bbox 483 324 536 389; x_wconf 87' lang='lat'>4]</span> <span class='ocrx_word' id='word_1_3' title='bbox 1181 325 1419 377; x_wconf 87' lang='lat' dir='ltr'><strong>LIBER</strong></span> <span class='ocrx_word' id='word_1_4' title='bbox 1456 324 1550 379; x_wconf 93' lang='lat'>111</span> <span class='ocrx_word' id='word_1_5' title='bbox 2351 326 2423 377; x_wconf 83' lang='lat'>99</span> 
     </span>
    </p>
   </div>
   <div class='ocr_carea' id='block_1_2' title="bbox 221 504 2427 2881">
    <p class='ocr_par' dir='ltr' id='par_1_2' title="bbox 221 504 2427 2881">
     <span class='ocr_line' id='line_1_2' title="bbox 324 504 2424 586; baseline -0 -18"><span class='ocrx_word' id='word_1_6' title='bbox 324 506 589 585; x_wconf 91' lang='lat' dir='ltr'>petitor,</span> <span class='ocrx_word' id='word_1_7' title='bbox 649 506 889 585; x_wconf 89' lang='lat' dir='ltr'>quippe</span> <span class='ocrx_word' id='word_1_8' title='bbox 946 506 1119 585; x_wconf 90' lang='lat' dir='ltr'>apud</span> <span class='ocrx_word' id='word_1_9' title='bbox 1177 506 1389 585; x_wconf 91' lang='lat' dir='ltr'>ipsum</span> <span class='ocrx_word' id='word_1_10' title='bbox 1448 512 1780 568; x_wconf 78' lang='lat' dir='ltr'><strong>auctorem</strong></span> <span class='ocrx_word' id='word_1_11' title='bbox 1838 504 2222 584; x_wconf 86' lang='lat' dir='ltr'>argumenti,</span> <span class='ocrx_word' id='word_1_12' title='bbox 2280 526 2424 586; x_wconf 90' lang='lat' dir='ltr'>per-</span> 
     </span>
     <span class='ocr_line' id='line_1_3' title="bbox 328 604 2421 684; baseline -0 -16"><span class='ocrx_word' id='word_1_13' title='bbox 328 606 490 683; x_wconf 87' lang='lat' dir='ltr'>agit:</span> <span class='ocrx_word' id='word_1_14' title='bbox 528 604 809 683; x_wconf 85' lang='lat' dir='ltr'>puellam</span> <span class='ocrx_word' id='word_1_15' title='bbox 847 604 1026 667; x_wconf 92' lang='lat' dir='ltr'>domi</span> <span class='ocrx_word' id='word_1_16' title='bbox 1061 625 1216 667; x_wconf 78' lang='lat' dir='ltr'>suae</span> <span class='ocrx_word' id='word_1_17' title='bbox 1253 611 1482 667; x_wconf 92' lang='lat' dir='ltr'>natam</span> <span class='ocrx_word' id='word_1_18' title='bbox 1519 605 1826 684; x_wconf 89' lang='lat' dir='ltr'>furtoque</span> <span class='ocrx_word' id='word_1_19' title='bbox 1861 604 2011 668; x_wconf 92' lang='lat' dir='ltr'>inde</span> <span class='ocrx_word' id='word_1_20' title='bbox 2047 605 2115 667; x_wconf 92' lang='lat' dir='ltr'>in</span> <span class='ocrx_word' id='word_1_21' title='bbox 2149 604 2421 668; x_wconf 91' lang='lat' dir='ltr'>domum</span> 
     </span>
     <span class='ocr_line' id='line_1_4' title="bbox 221 703 2422 783; baseline 0.001 -18"><span class='ocrx_word' id='word_1_22' title='bbox 221 718 285 759; x_wconf 90' lang='lat'>10</span> <span class='ocrx_word' id='word_1_23' title='bbox 326 704 589 783; x_wconf 85' lang='lat' dir='ltr'>Vergini</span> <span class='ocrx_word' id='word_1_24' title='bbox 624 703 1014 766; x_wconf 75' lang='lat' dir='ltr'><strong>translatam</strong></span> <span class='ocrx_word' id='word_1_25' title='bbox 1050 705 1459 783; x_wconf 81' lang='lat' dir='ltr'>suppositam</span> <span class='ocrx_word' id='word_1_26' title='bbox 1496 704 1556 767; x_wconf 95' lang='lat' dir='ltr'>ei</span> <span class='ocrx_word' id='word_1_27' title='bbox 1590 725 1726 767; x_wconf 92' lang='lat' dir='ltr'>esse</span> <span class='ocrx_word' id='word_1_28' title='bbox 1737 724 1754 781; x_wconf 87' lang='lat'>;</span> <span class='ocrx_word' id='word_1_29' title='bbox 1791 704 1855 765; x_wconf 94' lang='lat' dir='ltr'>id</span> <span class='ocrx_word' id='word_1_30' title='bbox 1880 724 1948 767; x_wconf 93' lang='lat' dir='ltr'>se</span> <span class='ocrx_word' id='word_1_31' title='bbox 1973 704 2210 767; x_wconf 89' lang='lat' dir='ltr'>indicio</span> <span class='ocrx_word' id='word_1_32' title='bbox 2248 725 2422 767; x_wconf 93' lang='lat' dir='ltr'>com-</span> 
     </span>
     <span class='ocr_line' id='line_1_5' title="bbox 327 803 2417 885; baseline 0 -18"><span class='ocrx_word' id='word_1_33' title='bbox 327 811 589 883; x_wconf 91' lang='lat' dir='ltr'>pertum</span> <span class='ocrx_word' id='word_1_34' title='bbox 630 804 880 866; x_wconf 85' lang='lat' dir='ltr'>adferre</span> <span class='ocrx_word' id='word_1_35' title='bbox 919 804 1482 885; x_wconf 87' lang='lat' dir='ltr'>probaturumque</span> <span class='ocrx_word' id='word_1_36' title='bbox 1522 803 1624 867; x_wconf 90' lang='lat' dir='ltr'>vel</span> <span class='ocrx_word' id='word_1_37' title='bbox 1665 803 1805 884; x_wconf 89' lang='lat' dir='ltr'>ipso</span> <span class='ocrx_word' id='word_1_38' title='bbox 1845 804 2146 883; x_wconf 85' lang='lat' dir='ltr'>Verginio</span> <span class='ocrx_word' id='word_1_39' title='bbox 2185 805 2417 881; x_wconf 92' lang='lat' dir='ltr'>iudice,</span> 
     </span>
     <span class='ocr_line' id='line_1_6' title="bbox 329 903 2421 984; baseline -0.001 -17"><span class='ocrx_word' id='word_1_40' title='bbox 329 904 411 967; x_wconf 87' lang='lat' dir='ltr'>ad</span> <span class='ocrx_word' id='word_1_41' title='bbox 477 923 672 984; x_wconf 89' lang='lat' dir='ltr'>quem</span> <span class='ocrx_word' id='word_1_42' title='bbox 735 903 942 966; x_wconf 91' lang='lat' dir='ltr'>maior</span> <span class='ocrx_word' id='word_1_43' title='bbox 1002 924 1153 983; x_wconf 90' lang='lat' dir='ltr'>pars</span> <span class='ocrx_word' id='word_1_44' title='bbox 1214 903 1486 966; x_wconf 89' lang='lat' dir='ltr'>iniuriae</span> <span class='ocrx_word' id='word_1_45' title='bbox 1547 904 1684 967; x_wconf 91' lang='lat' dir='ltr'>eius</span> <span class='ocrx_word' id='word_1_46' title='bbox 1746 904 2071 983; x_wconf 90' lang='lat' dir='ltr'>pertineat</span> <span class='ocrx_word' id='word_1_47' title='bbox 2081 924 2097 981; x_wconf 89' lang='lat'>;</span> <span class='ocrx_word' id='word_1_48' title='bbox 2160 904 2421 967; x_wconf 90' lang='lat' dir='ltr'>interim</span> 
     </span>
     <span class='ocr_line' id='line_1_7' title="bbox 224 1003 2418 1084; baseline 0 -17"><span class='ocrx_word' id='word_1_49' title='bbox 224 1018 282 1058; x_wconf 93' lang='lat'>11</span> <span class='ocrx_word' id='word_1_50' title='bbox 325 1004 665 1067; x_wconf 90' lang='lat' dir='ltr'>dominum</span> <span class='ocrx_word' id='word_1_51' title='bbox 697 1003 882 1083; x_wconf 91' lang='lat' dir='ltr'>sequi</span> <span class='ocrx_word' id='word_1_52' title='bbox 914 1003 1215 1066; x_wconf 86' lang='lat' dir='ltr'>ancillam</span> <span class='ocrx_word' id='word_1_53' title='bbox 1249 1024 1532 1083; x_wconf 91' lang='lat' dir='ltr'>aequum</span> <span class='ocrx_word' id='word_1_54' title='bbox 1554 1024 1710 1067; x_wconf 93' lang='lat' dir='ltr'>esse.</span> <span class='ocrx_word' id='word_1_55' title='bbox 1800 1003 2124 1066; x_wconf 87' lang='lat' dir='ltr'>Advocati</span> <span class='ocrx_word' id='word_1_56' title='bbox 2147 1004 2418 1084; x_wconf 90' lang='lat' dir='ltr'>puellae,</span> 
     </span>
     <span class='ocr_line' id='line_1_8' title="bbox 329 1102 2422 1183; baseline -0 -16"><span class='ocrx_word' id='word_1_57' title='bbox 329 1124 479 1167; x_wconf 90' lang='lat' dir='ltr'>cum</span> <span class='ocrx_word' id='word_1_58' title='bbox 510 1103 886 1183; x_wconf 88' lang='lat' dir='ltr'>Verginium</span> <span class='ocrx_word' id='word_1_59' title='bbox 916 1103 1008 1165; x_wconf 92' lang='lat' dir='ltr'>rei</span> <span class='ocrx_word' id='word_1_60' title='bbox 1038 1102 1337 1183; x_wconf 80' lang='lat' dir='ltr'>publicae</span> <span class='ocrx_word' id='word_1_61' title='bbox 1368 1124 1568 1167; x_wconf 90' lang='lat' dir='ltr'>causa</span> <span class='ocrx_word' id='word_1_62' title='bbox 1596 1104 1912 1166; x_wconf 82' lang='lat' dir='ltr'>dixissent</span> <span class='ocrx_word' id='word_1_63' title='bbox 1945 1104 2185 1181; x_wconf 90' lang='lat' dir='ltr'>abesse,</span> <span class='ocrx_word' id='word_1_64' title='bbox 2220 1104 2422 1166; x_wconf 89' lang='lat' dir='ltr'>biduo</span> 
     </span>
     <span class='ocr_line' id='line_1_9' title="bbox 222 1202 2422 1283; baseline -0.001 -15"><span class='ocrx_word' id='word_1_65' title='bbox 222 1218 289 1259; x_wconf 90' lang='lat'>12</span> <span class='ocrx_word' id='word_1_66' title='bbox 329 1205 733 1280; x_wconf 86' lang='lat' dir='ltr'>adfuturum,</span> <span class='ocrx_word' id='word_1_67' title='bbox 778 1203 834 1267; x_wconf 93' lang='lat' dir='ltr'>si</span> <span class='ocrx_word' id='word_1_68' title='bbox 878 1203 1259 1266; x_wconf 91' lang='lat' dir='ltr'>nuntiatum</span> <span class='ocrx_word' id='word_1_69' title='bbox 1302 1202 1364 1266; x_wconf 90' lang='lat' dir='ltr'>ei</span> <span class='ocrx_word' id='word_1_70' title='bbox 1404 1203 1512 1280; x_wconf 90' lang='lat' dir='ltr'>sit,</span> <span class='ocrx_word' id='word_1_71' title='bbox 1559 1203 1858 1283; x_wconf 89' lang='lat' dir='ltr'>iniquum</span> <span class='ocrx_word' id='word_1_72' title='bbox 1901 1223 2038 1267; x_wconf 91' lang='lat' dir='ltr'>esse</span> <span class='ocrx_word' id='word_1_73' title='bbox 2083 1205 2422 1268; x_wconf 90' lang='lat' dir='ltr'>absentem</span> 
     </span>
     <span class='ocr_line' id='line_1_10' title="bbox 329 1301 2423 1383; baseline 0 -17"><span class='ocrx_word' id='word_1_74' title='bbox 329 1305 412 1368; x_wconf 92' lang='lat' dir='ltr'>de</span> <span class='ocrx_word' id='word_1_75' title='bbox 448 1303 663 1366; x_wconf 88' lang='lat' dir='ltr'>liberis</span> <span class='ocrx_word' id='word_1_76' title='bbox 698 1302 1025 1380; x_wconf 88' lang='lat' dir='ltr'>dimicare,</span> <span class='ocrx_word' id='word_1_77' title='bbox 1066 1301 1427 1382; x_wconf 90' lang='lat' dir='ltr'>postulant,</span> <span class='ocrx_word' id='word_1_78' title='bbox 1468 1309 1544 1366; x_wconf 94' lang='lat' dir='ltr'>ut</span> <span class='ocrx_word' id='word_1_79' title='bbox 1580 1323 1717 1365; x_wconf 90' lang='lat' dir='ltr'>rem</span> <span class='ocrx_word' id='word_1_80' title='bbox 1754 1303 2074 1382; x_wconf 87' lang='lat' dir='ltr'>integram</span> <span class='ocrx_word' id='word_1_81' title='bbox 2111 1304 2180 1365; x_wconf 94' lang='lat' dir='ltr'>in</span> <span class='ocrx_word' id='word_1_82' title='bbox 2215 1304 2423 1383; x_wconf 90' lang='lat' dir='ltr'>patris</span> 
     </span>
     <span class='ocr_line' id='line_1_11' title="bbox 331 1402 2425 1482; baseline -0.001 -15"><span class='ocrx_word' id='word_1_83' title='bbox 331 1404 693 1467; x_wconf 89' lang='lat' dir='ltr'>adventum</span> <span class='ocrx_word' id='word_1_84' title='bbox 728 1403 1009 1480; x_wconf 88' lang='lat' dir='ltr'>differat,</span> <span class='ocrx_word' id='word_1_85' title='bbox 1051 1402 1187 1482; x_wconf 86' lang='lat' dir='ltr'>lege</span> <span class='ocrx_word' id='word_1_86' title='bbox 1224 1402 1308 1466; x_wconf 95' lang='lat' dir='ltr'>ab</span> <span class='ocrx_word' id='word_1_87' title='bbox 1344 1402 1485 1482; x_wconf 94' lang='lat' dir='ltr'>ipso</span> <span class='ocrx_word' id='word_1_88' title='bbox 1524 1402 1662 1465; x_wconf 90' lang='lat' dir='ltr'>lata</span> <span class='ocrx_word' id='word_1_89' title='bbox 1697 1402 2011 1466; x_wconf 87' lang='lat' dir='ltr'>vindicias</span> <span class='ocrx_word' id='word_1_90' title='bbox 2047 1404 2161 1465; x_wconf 94' lang='lat' dir='ltr'>det</span> <span class='ocrx_word' id='word_1_91' title='bbox 2195 1423 2425 1467; x_wconf 89' lang='lat' dir='ltr'>secun-</span> 
     </span>
     <span class='ocr_line' id='line_1_12' title="bbox 328 1501 2425 1583; baseline 0.001 -18"><span class='ocrx_word' id='word_1_92' title='bbox 328 1504 489 1566; x_wconf 92' lang='lat' dir='ltr'>dum</span> <span class='ocrx_word' id='word_1_93' title='bbox 538 1501 929 1578; x_wconf 88' lang='lat' dir='ltr'>libertatem,</span> <span class='ocrx_word' id='word_1_94' title='bbox 980 1523 1108 1565; x_wconf 93' lang='lat' dir='ltr'>neu</span> <span class='ocrx_word' id='word_1_95' title='bbox 1156 1503 1451 1583; x_wconf 91' lang='lat' dir='ltr'>patiatur</span> <span class='ocrx_word' id='word_1_96' title='bbox 1500 1503 1814 1583; x_wconf 86' lang='lat' dir='ltr'>virginem</span> <span class='ocrx_word' id='word_1_97' title='bbox 1865 1502 2159 1566; x_wconf 90' lang='lat' dir='ltr'>adultam</span> <span class='ocrx_word' id='word_1_98' title='bbox 2208 1502 2425 1567; x_wconf 88' lang='lat' dir='ltr'>famae</span> 
     </span>
     <span class='ocr_line' id='line_1_13' title="bbox 330 1601 1720 1685; baseline -0.001 -20"><span class='ocrx_word' id='word_1_99' title='bbox 330 1604 509 1685; x_wconf 87' lang='lat' dir='ltr'>prius</span> <span class='ocrx_word' id='word_1_100' title='bbox 543 1623 743 1683; x_wconf 90' lang='lat' dir='ltr'>quam</span> <span class='ocrx_word' id='word_1_101' title='bbox 778 1602 1098 1665; x_wconf 86' lang='lat' dir='ltr'>libertatis</span> <span class='ocrx_word' id='word_1_102' title='bbox 1132 1601 1491 1683; x_wconf 90' lang='lat' dir='ltr'>periculum</span> <span class='ocrx_word' id='word_1_103' title='bbox 1527 1603 1720 1667; x_wconf 90' lang='lat' dir='ltr'>adire.</span> 
     </span>
     <span class='ocr_line' id='line_1_14' title="bbox 258 1701 2422 1782; baseline 0.004 -24"><span class='ocrx_word' id='word_1_104' title='bbox 258 1718 283 1758; x_wconf 92' lang='lat'>1</span> <span class='ocrx_word' id='word_1_105' title='bbox 457 1703 658 1765; x_wconf 89' lang='lat' dir='ltr'><strong>XLV.</strong></span> <span class='ocrx_word' id='word_1_106' title='bbox 695 1702 947 1782; x_wconf 89' lang='lat' dir='ltr'>Appius</span> <span class='ocrx_word' id='word_1_107' title='bbox 966 1702 1225 1765; x_wconf 90' lang='lat' dir='ltr'>decreto</span> <span class='ocrx_word' id='word_1_108' title='bbox 1245 1703 1607 1782; x_wconf 81' lang='lat' dir='ltr'>praefatur:</span> <span class='ocrx_word' id='word_1_109' title='bbox 1633 1723 1831 1782; x_wconf 92' lang='lat' dir='ltr'>quam</span> <span class='ocrx_word' id='word_1_110' title='bbox 1856 1701 2141 1765; x_wconf 87' lang='lat' dir='ltr'>libertati</span> <span class='ocrx_word' id='word_1_111' title='bbox 2163 1702 2422 1781; x_wconf 87' lang='lat' dir='ltr'>faverit,</span> 
     </span>
     <span class='ocr_line' id='line_1_15' title="bbox 329 1800 2426 1883; baseline -0 -16"><span class='ocrx_word' id='word_1_112' title='bbox 329 1823 476 1867; x_wconf 89' lang='lat' dir='ltr'>eam</span> <span class='ocrx_word' id='word_1_113' title='bbox 510 1801 719 1882; x_wconf 89' lang='lat' dir='ltr'>ipsam</span> <span class='ocrx_word' id='word_1_114' title='bbox 756 1800 961 1882; x_wconf 87' lang='lat' dir='ltr'>legem</span> <span class='ocrx_word' id='word_1_115' title='bbox 997 1801 1346 1879; x_wconf 89' lang='lat' dir='ltr'>declarare,</span> <span class='ocrx_word' id='word_1_116' title='bbox 1375 1822 1577 1881; x_wconf 92' lang='lat' dir='ltr'>quam</span> <span class='ocrx_word' id='word_1_117' title='bbox 1605 1801 1866 1881; x_wconf 87' lang='lat' dir='ltr'>Vergini</span> <span class='ocrx_word' id='word_1_118' title='bbox 1908 1802 2098 1865; x_wconf 91' lang='lat' dir='ltr'>amici</span> <span class='ocrx_word' id='word_1_119' title='bbox 2132 1803 2426 1883; x_wconf 92' lang='lat' dir='ltr'>postula-</span> 
     </span>
     <span class='ocr_line' id='line_1_16' title="bbox 257 1901 2424 1981; baseline 0.003 -22"><span class='ocrx_word' id='word_1_120' title='bbox 257 1918 291 1959; x_wconf 89' lang='lat'>2</span> <span class='ocrx_word' id='word_1_121' title='bbox 330 1902 496 1966; x_wconf 93' lang='lat' dir='ltr'>tioni</span> <span class='ocrx_word' id='word_1_122' title='bbox 522 1922 678 1965; x_wconf 79' lang='lat' dir='ltr'>suae</span> <span class='ocrx_word' id='word_1_123' title='bbox 705 1902 1145 1981; x_wconf 88' lang='lat' dir='ltr'>praetendant</span> <span class='ocrx_word' id='word_1_124' title='bbox 1155 1922 1173 1978; x_wconf 92' lang='lat'>,·</span> <span class='ocrx_word' id='word_1_125' title='bbox 1209 1907 1498 1965; x_wconf 86' lang='lat' dir='ltr'>ceterum</span> <span class='ocrx_word' id='word_1_126' title='bbox 1525 1901 1623 1964; x_wconf 93' lang='lat' dir='ltr'>ita</span> <span class='ocrx_word' id='word_1_127' title='bbox 1648 1902 1716 1963; x_wconf 93' lang='lat' dir='ltr'>in</span> <span class='ocrx_word' id='word_1_128' title='bbox 1741 1922 1820 1965; x_wconf 89' lang='lat' dir='ltr'>ea</span> <span class='ocrx_word' id='word_1_129' title='bbox 1847 1902 2107 1964; x_wconf 91' lang='lat' dir='ltr'>firmum</span> <span class='ocrx_word' id='word_1_130' title='bbox 2135 1901 2424 1966; x_wconf 87' lang='lat' dir='ltr'>libertati</span> 
     </span>
     <span class='ocr_line' id='line_1_17' title="bbox 331 2001 2426 2083; baseline 0.001 -20"><span class='ocrx_word' id='word_1_131' title='bbox 331 2001 468 2065; x_wconf 83' lang='lat' dir='ltr'>fore</span> <span class='ocrx_word' id='word_1_132' title='bbox 523 2002 939 2083; x_wconf 88' lang='lat' dir='ltr'>praesidium,</span> <span class='ocrx_word' id='word_1_133' title='bbox 995 2002 1050 2065; x_wconf 93' lang='lat' dir='ltr'>si</span> <span class='ocrx_word' id='word_1_134' title='bbox 1106 2022 1223 2065; x_wconf 91' lang='lat' dir='ltr'>nec</span> <span class='ocrx_word' id='word_1_135' title='bbox 1280 2002 1491 2065; x_wconf 89' lang='lat' dir='ltr'>causis</span> <span class='ocrx_word' id='word_1_136' title='bbox 1548 2022 1664 2064; x_wconf 91' lang='lat' dir='ltr'>nec</span> <span class='ocrx_word' id='word_1_137' title='bbox 1720 2002 2009 2081; x_wconf 91' lang='lat' dir='ltr'>personis</span> <span class='ocrx_word' id='word_1_138' title='bbox 2066 2003 2273 2064; x_wconf 90' lang='lat' dir='ltr'>variet</span> <span class='ocrx_word' id='word_1_139' title='bbox 2283 2022 2300 2080; x_wconf 86' lang='lat'>;</span> <span class='ocrx_word' id='word_1_140' title='bbox 2357 2003 2426 2067; x_wconf 90' lang='lat' dir='ltr'>in</span> 
     </span>
     <span class='ocr_line' id='line_1_18' title="bbox 331 2100 2424 2182; baseline 0 -17"><span class='ocrx_word' id='word_1_141' title='bbox 331 2102 408 2165; x_wconf 91' lang='lat' dir='ltr'>iis</span> <span class='ocrx_word' id='word_1_142' title='bbox 454 2102 649 2179; x_wconf 89' lang='lat' dir='ltr'>enim,</span> <span class='ocrx_word' id='word_1_143' title='bbox 689 2101 801 2182; x_wconf 86' lang='lat' dir='ltr'>qui</span> <span class='ocrx_word' id='word_1_144' title='bbox 846 2102 1233 2165; x_wconf 87' lang='lat' dir='ltr'>adserantur</span> <span class='ocrx_word' id='word_1_145' title='bbox 1279 2102 1346 2164; x_wconf 94' lang='lat' dir='ltr'>in</span> <span class='ocrx_word' id='word_1_146' title='bbox 1397 2101 1786 2176; x_wconf 88' lang='lat' dir='ltr'>libertatem,</span> <span class='ocrx_word' id='word_1_147' title='bbox 1827 2101 1983 2181; x_wconf 90' lang='lat' dir='ltr'>quia</span> <span class='ocrx_word' id='word_1_148' title='bbox 2026 2102 2239 2181; x_wconf 87' lang='lat' dir='ltr'>quivis</span> <span class='ocrx_word' id='word_1_149' title='bbox 2286 2100 2424 2182; x_wconf 87' lang='lat' dir='ltr'>lege</span> 
     </span>
     <span class='ocr_line' id='line_1_19' title="bbox 332 2200 2426 2283; baseline -0 -16"><span class='ocrx_word' id='word_1_150' title='bbox 332 2222 520 2283; x_wconf 86' lang='lat' dir='ltr'>agere</span> <span class='ocrx_word' id='word_1_151' title='bbox 568 2203 795 2283; x_wconf 80' lang='lat' dir='ltr'>possit,</span> <span class='ocrx_word' id='word_1_152' title='bbox 844 2200 911 2264; x_wconf 90' lang='lat' dir='ltr'>id</span> <span class='ocrx_word' id='word_1_153' title='bbox 961 2201 1117 2266; x_wconf 88' lang='lat' dir='ltr'>iuris</span> <span class='ocrx_word' id='word_1_154' title='bbox 1163 2222 1300 2267; x_wconf 90' lang='lat' dir='ltr'>esse</span> <span class='ocrx_word' id='word_1_155' title='bbox 1310 2223 1327 2280; x_wconf 90' lang='lat'>;</span> <span class='ocrx_word' id='word_1_156' title='bbox 1376 2202 1444 2265; x_wconf 93' lang='lat' dir='ltr'>in</span> <span class='ocrx_word' id='word_1_157' title='bbox 1491 2223 1589 2279; x_wconf 90' lang='lat' dir='ltr'>ea,</span> <span class='ocrx_word' id='word_1_158' title='bbox 1641 2222 1808 2283; x_wconf 79' lang='lat' dir='ltr'>quae</span> <span class='ocrx_word' id='word_1_159' title='bbox 1856 2203 1924 2265; x_wconf 91' lang='lat' dir='ltr'>in</span> <span class='ocrx_word' id='word_1_160' title='bbox 1971 2203 2176 2282; x_wconf 91' lang='lat' dir='ltr'>patris</span> <span class='ocrx_word' id='word_1_161' title='bbox 2225 2223 2426 2266; x_wconf 89' lang='lat' dir='ltr'>manu</span> 
     </span>
     <span class='ocr_line' id='line_1_20' title="bbox 330 2300 2426 2382; baseline 0 -16"><span class='ocrx_word' id='word_1_162' title='bbox 330 2303 439 2379; x_wconf 89' lang='lat' dir='ltr'>sit,</span> <span class='ocrx_word' id='word_1_163' title='bbox 481 2303 806 2365; x_wconf 90' lang='lat' dir='ltr'>neminem</span> <span class='ocrx_word' id='word_1_164' title='bbox 844 2321 981 2366; x_wconf 88' lang='lat' dir='ltr'>esse</span> <span class='ocrx_word' id='word_1_165' title='bbox 1023 2300 1242 2379; x_wconf 90' lang='lat' dir='ltr'>alium,</span> <span class='ocrx_word' id='word_1_166' title='bbox 1284 2303 1388 2366; x_wconf 92' lang='lat' dir='ltr'>cui</span> <span class='ocrx_word' id='word_1_167' title='bbox 1426 2302 1730 2366; x_wconf 90' lang='lat' dir='ltr'>dominus</span> <span class='ocrx_word' id='word_1_168' title='bbox 1769 2304 2167 2382; x_wconf 88' lang='lat' dir='ltr'>possessione</span> <span class='ocrx_word' id='word_1_169' title='bbox 2206 2302 2397 2366; x_wconf 91' lang='lat' dir='ltr'>cedat</span> <span class='ocrx_word' id='word_1_170' title='bbox 2408 2321 2426 2380; x_wconf 70' lang='grc' dir='ltr'><strong><em>ς</em></strong></span> 
     </span>
     <span class='ocr_line' id='line_1_21' title="bbox 256 2401 2427 2483; baseline 0.003 -25"><span class='ocrx_word' id='word_1_171' title='bbox 256 2418 290 2458; x_wconf 87' lang='lat'>3</span> <span class='ocrx_word' id='word_1_172' title='bbox 331 2401 585 2482; x_wconf 88' lang='lat' dir='ltr'>placere</span> <span class='ocrx_word' id='word_1_173' title='bbox 618 2402 841 2483; x_wconf 92' lang='lat' dir='ltr'>itaque</span> <span class='ocrx_word' id='word_1_174' title='bbox 873 2408 1130 2483; x_wconf 90' lang='lat' dir='ltr'>patrem</span> <span class='ocrx_word' id='word_1_175' title='bbox 1164 2402 1474 2478; x_wconf 88' lang='lat' dir='ltr'>arcessiri,</span> <span class='ocrx_word' id='word_1_176' title='bbox 1510 2402 1758 2464; x_wconf 90' lang='lat' dir='ltr'>interea</span> <span class='ocrx_word' id='word_1_177' title='bbox 1789 2401 1943 2465; x_wconf 91' lang='lat' dir='ltr'>iuris</span> <span class='ocrx_word' id='word_1_178' title='bbox 1973 2402 2074 2465; x_wconf 93' lang='lat' dir='ltr'>sui</span> <span class='ocrx_word' id='word_1_179' title='bbox 2105 2403 2427 2465; x_wconf 92' lang='lat' dir='ltr'>iacturam</span> 
     </span>
     <span class='ocr_line' id='line_1_22' title="bbox 333 2501 2427 2582; baseline 0 -18"><span class='ocrx_word' id='word_1_180' title='bbox 333 2501 733 2565; x_wconf 89' lang='lat' dir='ltr'>adsertorem</span> <span class='ocrx_word' id='word_1_181' title='bbox 765 2523 897 2565; x_wconf 94' lang='lat' dir='ltr'>non</span> <span class='ocrx_word' id='word_1_182' title='bbox 932 2503 1160 2578; x_wconf 90' lang='lat' dir='ltr'>facere,</span> <span class='ocrx_word' id='word_1_183' title='bbox 1196 2501 1355 2582; x_wconf 88' lang='lat' dir='ltr'>quin</span> <span class='ocrx_word' id='word_1_184' title='bbox 1388 2502 1589 2564; x_wconf 87' lang='lat' dir='ltr'>ducat</span> <span class='ocrx_word' id='word_1_185' title='bbox 1622 2501 1905 2581; x_wconf 90' lang='lat' dir='ltr'>puellam</span> <span class='ocrx_word' id='word_1_186' title='bbox 1937 2501 2427 2582; x_wconf 89' lang='lat' dir='ltr'>sistendamque</span> 
     </span>
     <span class='ocr_line' id='line_1_23' title="bbox 333 2601 2090 2682; baseline -0.001 -18"><span class='ocrx_word' id='word_1_187' title='bbox 333 2601 403 2664; x_wconf 89' lang='lat' dir='ltr'>in</span> <span class='ocrx_word' id='word_1_188' title='bbox 440 2602 799 2665; x_wconf 89' lang='lat' dir='ltr'>adventum</span> <span class='ocrx_word' id='word_1_189' title='bbox 835 2601 993 2678; x_wconf 80' lang='lat' dir='ltr'>eiuS,</span> <span class='ocrx_word' id='word_1_190' title='bbox 1034 2601 1148 2682; x_wconf 87' lang='lat' dir='ltr'>qui</span> <span class='ocrx_word' id='word_1_191' title='bbox 1182 2608 1373 2682; x_wconf 90' lang='lat' dir='ltr'>pater</span> <span class='ocrx_word' id='word_1_192' title='bbox 1406 2601 1685 2678; x_wconf 88' lang='lat' dir='ltr'>dicatur,</span> <span class='ocrx_word' id='word_1_193' title='bbox 1723 2601 2090 2682; x_wconf 90' lang='lat' dir='ltr'>promittat.</span> 
     </span>
     <span class='ocr_line' id='line_1_24' title="bbox 257 2701 2426 2781; baseline 0.003 -23"><span class='ocrx_word' id='word_1_194' title='bbox 257 2717 293 2758; x_wconf 83' lang='lat'>4</span> <span class='ocrx_word' id='word_1_195' title='bbox 461 2701 788 2765; x_wconf 89' lang='lat' dir='ltr'>Adversus</span> <span class='ocrx_word' id='word_1_196' title='bbox 817 2701 1119 2764; x_wconf 90' lang='lat' dir='ltr'>iniuriam</span> <span class='ocrx_word' id='word_1_197' title='bbox 1149 2701 1392 2764; x_wconf 86' lang='lat' dir='ltr'>decreti</span> <span class='ocrx_word' id='word_1_198' title='bbox 1420 2722 1572 2764; x_wconf 93' lang='lat' dir='ltr'>cum</span> <span class='ocrx_word' id='word_1_199' title='bbox 1603 2701 1793 2763; x_wconf 92' lang='lat' dir='ltr'>multi</span> <span class='ocrx_word' id='word_1_200' title='bbox 1823 2701 2027 2781; x_wconf 87' lang='lat' dir='ltr'>magis</span> <span class='ocrx_word' id='word_1_201' title='bbox 2057 2701 2426 2778; x_wconf 83' lang='lat' dir='ltr'>fremerent,</span> 
     </span>
     <span class='ocr_line' id='line_1_25' title="bbox 332 2801 2425 2881; baseline 0 -17"><span class='ocrx_word' id='word_1_202' title='bbox 332 2821 534 2881; x_wconf 92' lang='lat' dir='ltr'>quam</span> <span class='ocrx_word' id='word_1_203' title='bbox 583 2801 929 2881; x_wconf 86' lang='lat' dir='ltr'>quisquam</span> <span class='ocrx_word' id='word_1_204' title='bbox 977 2822 1145 2864; x_wconf 91' lang='lat' dir='ltr'>unus</span> <span class='ocrx_word' id='word_1_205' title='bbox 1192 2821 1487 2865; x_wconf 89' lang='lat' dir='ltr'>recusare</span> <span class='ocrx_word' id='word_1_206' title='bbox 1534 2801 1823 2877; x_wconf 89' lang='lat' dir='ltr'>auderet,</span> <span class='ocrx_word' id='word_1_207' title='bbox 1876 2802 1946 2863; x_wconf 93' lang='lat' dir='ltr'>P.</span> <span class='ocrx_word' id='word_1_208' title='bbox 1999 2802 2059 2864; x_wconf 96' lang='lat' dir='ltr'>N</span> <span class='ocrx_word' id='word_1_209' title='bbox 2061 2802 2425 2876; x_wconf 79' lang='lat' dir='ltr'>umitoriuS,</span> 
     </span>
    </p>
   </div>
   <div class='ocr_carea' id='block_1_3' title="bbox 332 2967 2433 3089">
    <p class='ocr_par' dir='ltr' id='par_1_3' title="bbox 332 2967 2433 3089">
     <span class='ocr_line' id='line_1_26' title="bbox 395 2967 2433 3022; baseline 0 -8"><span class='ocrx_word' id='word_1_210' title='bbox 395 2970 476 3014; x_wconf 82' lang='lat'>10.</span> <span class='ocrx_word' id='word_1_211' title='bbox 510 2967 835 3013; x_wconf 69' lang='lat' dir='ltr'>dominum:</span> <span class='ocrx_word' id='word_1_212' title='bbox 897 2968 1148 3022; x_wconf 84' lang='lat' dir='ltr'>emphatic</span> <span class='ocrx_word' id='word_1_213' title='bbox 1201 2968 1329 3022; x_wconf 83' lang='lat' dir='ltr'>posi-</span> <span class='ocrx_word' id='word_1_214' title='bbox 1426 2967 1691 3022; x_wconf 87' lang='lat' dir='ltr'>pendence.</span> <span class='ocrx_word' id='word_1_215' title='bbox 1761 2967 1856 3012; x_wconf 89' lang='lat' dir='ltr'>For</span> <span class='ocrx_word' id='word_1_216' title='bbox 1883 2979 2083 3022; x_wconf 88' lang='lat' dir='ltr'>persons</span> <span class='ocrx_word' id='word_1_217' title='bbox 2112 2968 2228 3013; x_wconf 84' lang='lat' dir='ltr'>thus</span> <span class='ocrx_word' id='word_1_218' title='bbox 2255 2969 2313 3014; x_wconf 78' lang='lat' dir='ltr'>in</span> <span class='ocrx_word' id='word_1_219' title='bbox 2340 2981 2433 3013; x_wconf 70' lang='lat' dir='ltr'>sua</span> 
     </span>
     <span class='ocr_line' id='line_1_27' title="bbox 332 3037 2432 3089; baseline 0 -9"><span class='ocrx_word' id='word_1_220' title='bbox 332 3038 454 3086; x_wconf 88' lang='lat' dir='ltr'>tion,</span> <span class='ocrx_word' id='word_1_221' title='bbox 489 3037 740 3088; x_wconf 82' lang='lat' dir='ltr'>assuming</span> <span class='ocrx_word' id='word_1_222' title='bbox 772 3041 871 3086; x_wconf 82' lang='lat' dir='ltr'>too,</span> <span class='ocrx_word' id='word_1_223' title='bbox 918 3048 973 3080; x_wconf 89' lang='lat' dir='ltr'>as</span> <span class='ocrx_word' id='word_1_224' title='bbox 1015 3037 1133 3080; x_wconf 88' lang='lat' dir='ltr'>does</span> <span class='ocrx_word' id='word_1_225' title='bbox 1179 3037 1331 3080; x_wconf 80' lang='lat' dir='ltr'>ancil·</span> <span class='ocrx_word' id='word_1_226' title='bbox 1429 3039 1646 3087; x_wconf 70' lang='lat' dir='ltr'>potestate</span> <span class='ocrx_word' id='word_1_227' title='bbox 1670 3048 1768 3088; x_wconf 87' lang='lat' dir='ltr'>any</span> <span class='ocrx_word' id='word_1_228' title='bbox 1794 3048 1888 3079; x_wconf 91' lang='lat' dir='ltr'>one</span> <span class='ocrx_word' id='word_1_229' title='bbox 1911 3037 2055 3080; x_wconf 89' lang='lat' dir='ltr'>could</span> <span class='ocrx_word' id='word_1_230' title='bbox 2081 3037 2224 3089; x_wconf 88' lang='lat' dir='ltr'>plead</span> <span class='ocrx_word' id='word_1_231' title='bbox 2255 3037 2432 3089; x_wconf 68' lang='lat' dir='ltr'>(quivis</span> 
     </span>
    </p>
   </div>
   <div class='ocr_carea' id='block_1_4' title="bbox 331 3104 2433 3289">
    <p class='ocr_par' dir='ltr' id='par_1_4' title="bbox 331 3104 2433 3289">
     <span class='ocr_line' id='line_1_28' title="bbox 331 3104 2430 3156; baseline 0.001 -8"><span class='ocrx_word' id='word_1_232' title='bbox 331 3106 444 3153; x_wconf 83' lang='lat' dir='ltr'>lam.</span> <span class='ocrx_word' id='word_1_233' title='bbox 473 3104 561 3148; x_wconf 87' lang='lat' dir='ltr'>the</span> <span class='ocrx_word' id='word_1_234' title='bbox 586 3105 727 3156; x_wconf 85' lang='lat' dir='ltr'>point</span> <span class='ocrx_word' id='word_1_235' title='bbox 754 3105 807 3147; x_wconf 88' lang='lat' dir='ltr'>in</span> <span class='ocrx_word' id='word_1_236' title='bbox 832 3105 979 3148; x_wconf 90' lang='lat' dir='ltr'>issue.</span> <span class='ocrx_word' id='word_1_237' title='bbox 1428 3104 1522 3155; x_wconf 72' lang='lat' dir='ltr'>leae</span> <span class='ocrx_word' id='word_1_238' title='bbox 1541 3114 1675 3155; x_wconf 74' lang='lat' dir='ltr'>avere</span> <span class='ocrx_word' id='word_1_239' title='bbox 1694 3105 1883 3155; x_wconf 71' lang='lat' dir='ltr'>possit).</span> <span class='ocrx_word' id='word_1_240' title='bbox 1938 3105 1982 3146; x_wconf 85' lang='lat' dir='ltr'>A</span> <span class='ocrx_word' id='word_1_241' title='bbox 2002 3105 2200 3147; x_wconf 88' lang='lat' dir='ltr'>maiden</span> <span class='ocrx_word' id='word_1_242' title='bbox 2219 3116 2320 3147; x_wconf 83' lang='lat' dir='ltr'>was</span> <span class='ocrx_word' id='word_1_243' title='bbox 2341 3109 2430 3150; x_wconf 83' lang='lat' dir='ltr'>not</span> 
     </span>
     <span class='ocr_line' id='line_1_29' title="bbox 398 3170 2433 3223; baseline 0 -9"><span class='ocrx_word' id='word_1_244' title='bbox 398 3173 478 3214; x_wconf 86' lang='lat'>11.</span> <span class='ocrx_word' id='word_1_245' title='bbox 511 3171 806 3216; x_wconf 73' lang='lat' dir='ltr'>Advocati:</span> <span class='ocrx_word' id='word_1_246' title='bbox 842 3171 929 3216; x_wconf 88' lang='lat' dir='ltr'>the</span> <span class='ocrx_word' id='word_1_247' title='bbox 948 3171 1051 3215; x_wconf 76' lang='lat' dir='ltr'>noti</span> <span class='ocrx_word' id='word_1_248' title='bbox 1085 3170 1184 3216; x_wconf 82' lang='lat' dir='ltr'>and</span> <span class='ocrx_word' id='word_1_249' title='bbox 1219 3182 1333 3215; x_wconf 85' lang='lat' dir='ltr'>auo-</span> <span class='ocrx_word' id='word_1_250' title='bbox 1428 3172 1486 3215; x_wconf 78' lang='lat' dir='ltr'>in</span> <span class='ocrx_word' id='word_1_251' title='bbox 1511 3181 1602 3213; x_wconf 66' lang='lat' dir='ltr'>cua</span> <span class='ocrx_word' id='word_1_252' title='bbox 1629 3172 1863 3222; x_wconf 66' lang='lat' dir='ltr'>potestate,</span> <span class='ocrx_word' id='word_1_253' title='bbox 1892 3171 1984 3215; x_wconf 85' lang='lat' dir='ltr'>but</span> <span class='ocrx_word' id='word_1_254' title='bbox 2011 3171 2068 3214; x_wconf 80' lang='lat' dir='ltr'>in</span> <span class='ocrx_word' id='word_1_255' title='bbox 2094 3172 2255 3222; x_wconf 76' lang='lat' dir='ltr'>patria</span> <span class='ocrx_word' id='word_1_256' title='bbox 2282 3174 2433 3223; x_wconf 66' lang='lat' dir='ltr'>potes-</span> 
     </span>
     <span class='ocr_line' id='line_1_30' title="bbox 331 3239 2430 3289; baseline 0 -5"><span class='ocrx_word' id='word_1_257' title='bbox 331 3242 451 3284; x_wconf 72' lang='lat' dir='ltr'>tores</span> <span class='ocrx_word' id='word_1_258' title='bbox 475 3239 635 3282; x_wconf 81' lang='lat' dir='ltr'>above</span> <span class='ocrx_word' id='word_1_259' title='bbox 665 3240 733 3288; x_wconf 77' lang='lat'>(⁷3</span> <span class='ocrx_word' id='word_1_260' title='bbox 758 3239 829 3289; x_wconf 81' lang='lat'>9).</span> <span class='ocrx_word' id='word_1_261' title='bbox 1428 3241 1535 3284; x_wconf 73' lang='lat' dir='ltr'>tate.</span> <span class='ocrx_word' id='word_1_262' title='bbox 1594 3239 1654 3287; x_wconf 86' lang='lat' dir='ltr'>If,</span> <span class='ocrx_word' id='word_1_263' title='bbox 1683 3239 1937 3287; x_wconf 80' lang='lat' dir='ltr'>therefore,</span> <span class='ocrx_word' id='word_1_264' title='bbox 1965 3239 2052 3281; x_wconf 90' lang='lat' dir='ltr'>she</span> <span class='ocrx_word' id='word_1_265' title='bbox 2074 3249 2200 3282; x_wconf 86' lang='lat' dir='ltr'>were</span> <span class='ocrx_word' id='word_1_266' title='bbox 2222 3239 2430 3284; x_wconf 83' lang='lat' dir='ltr'>claimed</span> 
     </span>
    </p>
   </div>
   <div class='ocr_carea' id='block_1_5' title="bbox 332 3305 2435 3968">
    <p class='ocr_par' dir='ltr' id='par_1_5' title="bbox 332 3305 2434 3631">
     <span class='ocr_line' id='line_1_31' title="bbox 396 3305 2433 3359; baseline 0 -9"><span class='ocrx_word' id='word_1_267' title='bbox 396 3306 550 3350; x_wconf 91' lang='lat' dir='ltr'><strong>XLV.</strong></span> <span class='ocrx_word' id='word_1_268' title='bbox 585 3307 633 3348; x_wconf 87' lang='lat'>1.</span> <span class='ocrx_word' id='word_1_269' title='bbox 667 3305 977 3356; x_wconf 70' lang='lat' dir='ltr'>praefatur:</span> <span class='ocrx_word' id='word_1_270' title='bbox 1023 3307 1219 3351; x_wconf 80' lang='lat' dir='ltr'>“states</span> <span class='ocrx_word' id='word_1_271' title='bbox 1262 3307 1332 3359; x_wconf 80' lang='lat' dir='ltr'>by</span> <span class='ocrx_word' id='word_1_272' title='bbox 1430 3307 1499 3358; x_wconf 80' lang='lat' dir='ltr'>by</span> <span class='ocrx_word' id='word_1_273' title='bbox 1519 3317 1584 3349; x_wconf 88' lang='grc'>811</span> <span class='ocrx_word' id='word_1_274' title='bbox 1604 3305 1790 3357; x_wconf 86' lang='lat' dir='ltr'>alleged</span> <span class='ocrx_word' id='word_1_275' title='bbox 1809 3306 2032 3348; x_wconf 70' lang='lat' dir='ltr'>dominus</span> <span class='ocrx_word' id='word_1_276' title='bbox 2051 3306 2102 3348; x_wconf 82' lang='lat' dir='ltr'>in</span> <span class='ocrx_word' id='word_1_277' title='bbox 2122 3306 2208 3348; x_wconf 89' lang='lat' dir='ltr'>her</span> <span class='ocrx_word' id='word_1_278' title='bbox 2227 3307 2433 3350; x_wconf 77' lang='lat' dir='ltr'>father&#39;s</span> 
     </span>
     <span class='ocr_line' id='line_1_32' title="bbox 332 3372 2434 3426; baseline 0 -9"><span class='ocrx_word' id='word_1_279' title='bbox 332 3386 445 3426; x_wconf 81' lang='lat' dir='ltr'>way</span> <span class='ocrx_word' id='word_1_280' title='bbox 477 3374 530 3416; x_wconf 81' lang='lat' dir='ltr'>of</span> <span class='ocrx_word' id='word_1_281' title='bbox 562 3374 807 3425; x_wconf 79' lang='lat' dir='ltr'>prerace.”</span> <span class='ocrx_word' id='word_1_282' title='bbox 875 3373 967 3416; x_wconf 83' lang='lat' dir='ltr'>His</span> <span class='ocrx_word' id='word_1_283' title='bbox 1000 3373 1215 3417; x_wconf 88' lang='lat' dir='ltr'>decision</span> <span class='ocrx_word' id='word_1_284' title='bbox 1249 3375 1333 3418; x_wconf 90' lang='lat' dir='ltr'>be-</span> <span class='ocrx_word' id='word_1_285' title='bbox 1430 3375 1652 3422; x_wconf 89' lang='lat' dir='ltr'>absence,</span> <span class='ocrx_word' id='word_1_286' title='bbox 1696 3384 1761 3416; x_wconf 91' lang='lat' dir='ltr'>no</span> <span class='ocrx_word' id='word_1_287' title='bbox 1801 3384 1894 3416; x_wconf 90' lang='lat' dir='ltr'>one</span> <span class='ocrx_word' id='word_1_288' title='bbox 1934 3372 2078 3415; x_wconf 89' lang='lat' dir='ltr'>could</span> <span class='ocrx_word' id='word_1_289' title='bbox 2117 3373 2296 3426; x_wconf 82' lang='lat' dir='ltr'>legally</span> <span class='ocrx_word' id='word_1_290' title='bbox 2335 3375 2434 3418; x_wconf 85' lang='lat' dir='ltr'>dis-</span> 
     </span>
     <span class='ocr_line' id='line_1_33' title="bbox 334 3441 2434 3495; baseline 0 -11"><span class='ocrx_word' id='word_1_291' title='bbox 334 3444 441 3493; x_wconf 77' lang='lat' dir='ltr'>gine</span> <span class='ocrx_word' id='word_1_292' title='bbox 472 3442 593 3485; x_wconf 87' lang='lat' dir='ltr'>with</span> <span class='ocrx_word' id='word_1_293' title='bbox 625 3441 806 3492; x_wconf 80' lang='lat' dir='ltr'>placere</span> <span class='ocrx_word' id='word_1_294' title='bbox 844 3442 932 3492; x_wconf 91' lang='lat'><strong>(3).</strong></span> <span class='ocrx_word' id='word_1_295' title='bbox 998 3450 1175 3493; x_wconf 72' lang='lat' dir='ltr'>quam</span> <span class='ocrx_word' id='word_1_296' title='bbox 1212 3472 1226 3486; x_wconf 94' lang='lat'><strong>.</strong></span> <span class='ocrx_word' id='word_1_297' title='bbox 1264 3472 1279 3486; x_wconf 89' lang='lat'><strong>.</strong></span> <span class='ocrx_word' id='word_1_298' title='bbox 1317 3472 1332 3487; x_wconf 90' lang='lat'><strong>.</strong></span> <span class='ocrx_word' id='word_1_299' title='bbox 1432 3446 1552 3495; x_wconf 90' lang='lat' dir='ltr'>pute</span> <span class='ocrx_word' id='word_1_300' title='bbox 1575 3441 1659 3484; x_wconf 87' lang='lat' dir='ltr'>the</span> <span class='ocrx_word' id='word_1_301' title='bbox 1680 3441 1957 3483; x_wconf 83' lang='lat' dir='ltr'>claimant’s</span> <span class='ocrx_word' id='word_1_302' title='bbox 1979 3443 2252 3492; x_wconf 87' lang='lat' dir='ltr'>possession</span> <span class='ocrx_word' id='word_1_303' title='bbox 2273 3442 2325 3484; x_wconf 81' lang='lat' dir='ltr'>of</span> <span class='ocrx_word' id='word_1_304' title='bbox 2347 3444 2434 3486; x_wconf 89' lang='lat' dir='ltr'>her</span> 
     </span>
     <span class='ocr_line' id='line_1_34' title="bbox 333 3509 2430 3559; baseline -0 -5"><span class='ocrx_word' id='word_1_305' title='bbox 333 3510 561 3554; x_wconf 71' lang='lat' dir='ltr'>faverit:</span> <span class='ocrx_word' id='word_1_306' title='bbox 581 3510 726 3554; x_wconf 85' lang='lat' dir='ltr'>indir.</span> <span class='ocrx_word' id='word_1_307' title='bbox 751 3512 910 3559; x_wconf 85' lang='lat' dir='ltr'>quest.</span> <span class='ocrx_word' id='word_1_308' title='bbox 934 3512 1062 3553; x_wconf 81' lang='lat' dir='ltr'>after</span> <span class='ocrx_word' id='word_1_309' title='bbox 1082 3511 1331 3554; x_wconf 81' lang='lat' dir='ltr'>declarare.</span> <span class='ocrx_word' id='word_1_310' title='bbox 1431 3510 1558 3553; x_wconf 88' lang='lat' dir='ltr'>until</span> <span class='ocrx_word' id='word_1_311' title='bbox 1584 3510 1670 3552; x_wconf 87' lang='lat' dir='ltr'>her</span> <span class='ocrx_word' id='word_1_312' title='bbox 1694 3511 1856 3553; x_wconf 81' lang='lat' dir='ltr'>father</span> <span class='ocrx_word' id='word_1_313' title='bbox 1880 3509 1964 3551; x_wconf 90' lang='lat' dir='ltr'>dld</span> <span class='ocrx_word' id='word_1_314' title='bbox 1990 3510 2029 3552; x_wconf 97' lang='grc'>11</span> <span class='ocrx_word' id='word_1_315' title='bbox 2055 3521 2119 3551; x_wconf 86' lang='grc'>011</span> <span class='ocrx_word' id='word_1_316' title='bbox 2145 3510 2220 3552; x_wconf 88' lang='lat' dir='ltr'>his</span> <span class='ocrx_word' id='word_1_317' title='bbox 2244 3515 2430 3554; x_wconf 88' lang='lat' dir='ltr'>return.</span> 
     </span>
     <span class='ocr_line' id='line_1_35' title="bbox 334 3577 2432 3631; baseline -0.001 -9"><span class='ocrx_word' id='word_1_318' title='bbox 334 3577 731 3630; x_wconf 68' lang='lat' dir='ltr'>praetendant:</span> <span class='ocrx_word' id='word_1_319' title='bbox 758 3579 895 3622; x_wconf 85' lang='lat' dir='ltr'>“cite</span> <span class='ocrx_word' id='word_1_320' title='bbox 919 3579 971 3621; x_wconf 88' lang='lat' dir='ltr'>in</span> <span class='ocrx_word' id='word_1_321' title='bbox 996 3583 1202 3631; x_wconf 85' lang='lat' dir='ltr'>support</span> <span class='ocrx_word' id='word_1_322' title='bbox 1228 3579 1332 3621; x_wconf 77' lang='lat' dir='ltr'>of.&#39;&#39;</span> <span class='ocrx_word' id='word_1_323' title='bbox 1431 3579 1535 3622; x_wconf 89' lang='lat' dir='ltr'>The</span> <span class='ocrx_word' id='word_1_324' title='bbox 1573 3589 1783 3631; x_wconf 87' lang='lat' dir='ltr'>purpose</span> <span class='ocrx_word' id='word_1_325' title='bbox 1820 3579 1872 3620; x_wconf 75' lang='lat' dir='ltr'>oi</span> <span class='ocrx_word' id='word_1_326' title='bbox 1910 3579 2008 3621; x_wconf 89' lang='lat' dir='ltr'>this</span> <span class='ocrx_word' id='word_1_327' title='bbox 2045 3578 2296 3630; x_wconf 85' lang='lat' dir='ltr'>sophistry</span> <span class='ocrx_word' id='word_1_328' title='bbox 2334 3579 2432 3621; x_wconf 88' lang='lat' dir='ltr'>and</span> 
     </span>
    </p>

    <p class='ocr_par' dir='ltr' id='par_1_6' title="bbox 332 3646 2435 3968">
     <span class='ocr_line' id='line_1_36' title="bbox 395 3646 2434 3698; baseline -0.002 -6"><span class='ocrx_word' id='word_1_329' title='bbox 395 3650 444 3692; x_wconf 74' lang='lat'>2.</span> <span class='ocrx_word' id='word_1_330' title='bbox 480 3647 683 3690; x_wconf 72' lang='lat' dir='ltr'>variet:</span> <span class='ocrx_word' id='word_1_331' title='bbox 722 3657 789 3690; x_wconf 86' lang='lat' dir='ltr'>sc.</span> <span class='ocrx_word' id='word_1_332' title='bbox 816 3646 889 3688; x_wconf 76' lang='lat' dir='ltr'>lex</span> <span class='ocrx_word' id='word_1_333' title='bbox 913 3647 1039 3690; x_wconf 79' lang='lat' dir='ltr'>from</span> <span class='ocrx_word' id='word_1_334' title='bbox 1064 3648 1119 3690; x_wconf 80' lang='lat' dir='ltr'>in</span> <span class='ocrx_word' id='word_1_335' title='bbox 1144 3658 1214 3690; x_wconf 87' lang='lat' dir='ltr'>ea.</span> <span class='ocrx_word' id='word_1_336' title='bbox 1273 3647 1333 3692; x_wconf 76' lang='lat' dir='ltr'>m</span> <span class='ocrx_word' id='word_1_337' title='bbox 1430 3648 1496 3688; x_wconf 88' lang='lat' dir='ltr'>its</span> <span class='ocrx_word' id='word_1_338' title='bbox 1517 3646 1701 3696; x_wconf 84' lang='lat' dir='ltr'>danger</span> <span class='ocrx_word' id='word_1_339' title='bbox 1721 3657 1776 3688; x_wconf 82' lang='lat' dir='ltr'>as</span> <span class='ocrx_word' id='word_1_340' title='bbox 1796 3657 1826 3688; x_wconf 90' lang='lat' dir='ltr'>a</span> <span class='ocrx_word' id='word_1_341' title='bbox 1848 3646 2109 3698; x_wconf 82' lang='lat' dir='ltr'>precedent</span> <span class='ocrx_word' id='word_1_342' title='bbox 2132 3657 2214 3688; x_wconf 81' lang='lat' dir='ltr'>are</span> <span class='ocrx_word' id='word_1_343' title='bbox 2235 3646 2434 3698; x_wconf 80' lang='lat' dir='ltr'>equally</span> 
     </span>
     <span class='ocr_line' id='line_1_37' title="bbox 332 3713 1654 3766; baseline 0 -10"><span class='ocrx_word' id='word_1_344' title='bbox 332 3713 471 3757; x_wconf 68' lang='lat' dir='ltr'>luri:</span> <span class='ocrx_word' id='word_1_345' title='bbox 495 3722 636 3757; x_wconf 69' lang='lat' dir='ltr'>oste:</span> <span class='ocrx_word' id='word_1_346' title='bbox 674 3714 750 3756; x_wconf 71' lang='lat' dir='ltr'>Le.</span> <span class='ocrx_word' id='word_1_347' title='bbox 790 3713 876 3756; x_wconf 87' lang='lat' dir='ltr'>the</span> <span class='ocrx_word' id='word_1_348' title='bbox 914 3715 1253 3766; x_wconf 81' lang='lat' dir='ltr'>presumptlon</span> <span class='ocrx_word' id='word_1_349' title='bbox 1281 3715 1334 3757; x_wconf 75' lang='lat' dir='ltr'>of</span> <span class='ocrx_word' id='word_1_350' title='bbox 1431 3714 1654 3756; x_wconf 86' lang='lat' dir='ltr'>obvious.</span> 
     </span>
     <span class='ocr_line' id='line_1_38' title="bbox 335 3780 2432 3834; baseline 0 -11"><span class='ocrx_word' id='word_1_351' title='bbox 335 3781 551 3824; x_wconf 77' lang='lat' dir='ltr'>freedom</span> <span class='ocrx_word' id='word_1_352' title='bbox 567 3781 734 3824; x_wconf 80' lang='lat' dir='ltr'>before</span> <span class='ocrx_word' id='word_1_353' title='bbox 748 3780 835 3824; x_wconf 90' lang='lat' dir='ltr'>the</span> <span class='ocrx_word' id='word_1_354' title='bbox 852 3780 1080 3824; x_wconf 81' lang='lat' dir='ltr'>decision.</span> <span class='ocrx_word' id='word_1_355' title='bbox 1142 3782 1332 3834; x_wconf 82' lang='lat' dir='ltr'>Appius</span> <span class='ocrx_word' id='word_1_356' title='bbox 1494 3783 1544 3824; x_wconf 79' lang='lat'>8.</span> <span class='ocrx_word' id='word_1_357' title='bbox 1579 3781 1852 3824; x_wconf 66' lang='lat' dir='ltr'>arcessiri:</span> <span class='ocrx_word' id='word_1_358' title='bbox 1894 3780 2087 3823; x_wconf 83' lang='lat' dir='ltr'>archaic</span> <span class='ocrx_word' id='word_1_359' title='bbox 2128 3781 2204 3823; x_wconf 80' lang='lat' dir='ltr'>for</span> <span class='ocrx_word' id='word_1_360' title='bbox 2243 3781 2432 3824; x_wconf 71' lang='lat' dir='ltr'>arcessi.</span> 
     </span>
     <span class='ocr_line' id='line_1_39' title="bbox 334 3847 2435 3898; baseline 0 -9"><span class='ocrx_word' id='word_1_361' title='bbox 334 3848 503 3890; x_wconf 79' lang='lat' dir='ltr'>makes</span> <span class='ocrx_word' id='word_1_362' title='bbox 534 3847 621 3891; x_wconf 88' lang='lat' dir='ltr'>the</span> <span class='ocrx_word' id='word_1_363' title='bbox 654 3858 766 3890; x_wconf 85' lang='lat' dir='ltr'>case</span> <span class='ocrx_word' id='word_1_364' title='bbox 798 3849 914 3890; x_wconf 89' lang='lat' dir='ltr'>turn</span> <span class='ocrx_word' id='word_1_365' title='bbox 948 3858 1081 3898; x_wconf 91' lang='lat' dir='ltr'>upon</span> <span class='ocrx_word' id='word_1_366' title='bbox 1114 3848 1333 3891; x_wconf 89' lang='lat' dir='ltr'>whether</span> <span class='ocrx_word' id='word_1_367' title='bbox 1432 3849 1762 3893; x_wconf 67' lang='lat' dir='ltr'>sistendam:</span> <span class='ocrx_word' id='word_1_368' title='bbox 1828 3847 1996 3890; x_wconf 84' lang='lat' dir='ltr'>rather</span> <span class='ocrx_word' id='word_1_369' title='bbox 2059 3847 2304 3890; x_wconf 84' lang='lat' dir='ltr'>awkward</span> <span class='ocrx_word' id='word_1_370' title='bbox 2359 3848 2435 3889; x_wconf 73' lang='lat' dir='ltr'>for</span> 
     </span>
     <span class='ocr_line' id='line_1_40' title="bbox 335 3913 2431 3968; baseline -0.001 -8"><span class='ocrx_word' id='word_1_371' title='bbox 335 3914 421 3960; x_wconf 83' lang='lat' dir='ltr'>the</span> <span class='ocrx_word' id='word_1_372' title='bbox 448 3914 641 3968; x_wconf 82' lang='lat' dir='ltr'>subject</span> <span class='ocrx_word' id='word_1_373' title='bbox 671 3913 763 3960; x_wconf 75' lang='lat' dir='ltr'>has</span> <span class='ocrx_word' id='word_1_374' title='bbox 791 3914 1015 3960; x_wconf 75' lang='lat' dir='ltr'>attained</span> <span class='ocrx_word' id='word_1_375' title='bbox 1043 3913 1168 3967; x_wconf 81' lang='lat' dir='ltr'>legal</span> <span class='ocrx_word' id='word_1_376' title='bbox 1197 3914 1333 3959; x_wconf 86' lang='lat' dir='ltr'>indc-</span> <span class='ocrx_word' id='word_1_377' title='bbox 1432 3915 1660 3957; x_wconf 76' lang='lat' dir='ltr'>sisturum</span> <span class='ocrx_word' id='word_1_378' title='bbox 1690 3925 1797 3964; x_wconf 73' lang='lat' dir='ltr'>esse,</span> <span class='ocrx_word' id='word_1_379' title='bbox 1832 3913 1992 3958; x_wconf 88' lang='lat' dir='ltr'>which</span> <span class='ocrx_word' id='word_1_380' title='bbox 2021 3914 2062 3958; x_wconf 86' lang='lat' dir='ltr'>is</span> <span class='ocrx_word' id='word_1_381' title='bbox 2092 3925 2122 3959; x_wconf 78' lang='grc'>8</span> <span class='ocrx_word' id='word_1_382' title='bbox 2151 3925 2258 3959; x_wconf 82' lang='lat' dir='ltr'>rare</span> <span class='ocrx_word' id='word_1_383' title='bbox 2289 3915 2431 3958; x_wconf 81' lang='lat' dir='ltr'>form.</span> 
     </span>
    </p>
   </div>
  </div>
 </body>
</html>
