2925 4375
399 752 459 793 12

402 1151 463 1194 13

403 1352 465 1394 14

406 1552 465 1594 15

406 1952 466 1993 16

406 2453 464 2495 17

494 252 629 310 xvii.
672 252 757 321 17]
1357 249 1596 305 LIBER
1633 250 1722 304 1x
2491 252 2591 305 155

495 455 720 515 regum
787 434 958 497 Iunii
1023 433 1409 513 Valeriique‚
1478 434 1574 495 ita
1636 432 1938 511 'deinceps
2005 432 2208 508 Fabii,
2278 432 2584 509 Quinctii,

496 534 789 610 Cornelii,
845 534 942 596 ita
994 534 1225 598 Furius
1280 531 1606 607 Camillus,
1665 553 1858 612 quem
1911 532 2177 595 iuvenes
2229 532 2292 608 ii,
2350 532 2588 612 quibus

495 655 642 697 cum
730 633 1097 696 Alexandro
1183 632 1630 695 dimicandum
1712 638 1873 708 erat,
1960 652 2181 695 senem
2266 631 2585 695 viderant.

497 734 804 796 Militaria
848 753 1045 811 opera
1091 732 1443 813 pugnando
1491 732 1762 795 obeunti
1809 731 2177 795 Alexandro
2205 766 2288 775 -—
2313 752 2466 794 nam
2512 752 2592 795 ea

496 854 755 914 quoque
829 832 1003 895 haud
1081 834 1295 895 minus
1370 832 1617 895 clarum
1689 852 1840 895 eum
1914 832 2163 894 faciunt
2191 866 2273 875 ——
2297 832 2591 895 cessisset

497 934 797 995 videlicet
862 932 930 994 in
965 932 1128 995 'acie
1190 932 1452 995 oblatus
1516 954 1635 1013 par
1698 932 1974 995 Manlius
2036 933 2410 1011 Torquatus
2475 938 2592 994 aut

498 1033 790 1096 Valerius
864 1033 1131 1109 Corvus,
1207 1032 1488 1112 insignes
1562 1039 1714 1095 ante
1790 1032 2026 1094 milites
2097 1052 2300 1111 quam
2372 1031 2588 1107 (111668,

499 1134 834 1196 cessissent
890 1132 1069 1195 Decii
1136 1133 1393 1195 devotis
1446 1132 1820 1212 corporibus
1872 1132 1939 1193 in
1999 1133 2254 1194 hostem
2306 1137 2626 1209 ruenteS„

501 1234 791 1296 cessisset
830 1232 1127 1312 Papirius
1162 1234 1398 1296 Cursor
1430 1232 1541 1295 illo
1578 1229 1858 1311 corporis
1893 1232 2140 1306 robore,
2220 1230 2328 1293 illo
2366 1230 2590 1293 animi!

498 1334 727 1396 Victus
762 1339 930 1395 esset
968 1333 1247 1396 consiliis
1283 1333 1536 1396 iuvenis
1572 1352 1780 1408 umus,
1811 1352 1891 1394 ne
1919 1331 2202 1411 singulos
2238 1331 2589 1405 nominem,

499 1440 764 1497 senatus
814 1432 938 1509 ille,
993 1454 1189 1514 quem
1239 1433 1350 1514 qui
1400 1454 1484 1495 ex
1532 1432 1787 1511 regibus
1838 1438 2134 1494 constare
2183 1430 2371 1506 dixit,
2425 1451 2592 1492 unus

501 1554 722 1597 veram
783 1536 1065 1615 speciem
1130 1534 1413 1596 Romani
1475 1542 1741 1595 senatus
1795 1532 1993 1611 cepit!
2101 1530 2179 1592 Id
2235 1551 2388 1593 vero
2450 1536 2592 1593 erat

504 1634 877 1713 periculum,
947 1655 1028 1697 ne
1093 1633 1414 1697 sollertius
1483 1652 1682 1711 quam
1750 1631 2021 1711 quilibet
2087 1652 2256 1694 unus
2321 1651 2404 1693 ex
2471 1630 2588 1706 his,

503 1754 663 1813 quos
710 1734 1063 1810 nominavi,
1103 1733 1331 1796 castris
1378 1732 1591 1795 locum
1639 1738 1918 1811 caperet,
1958 1738 2362 1794 commeatus
2397 1751 2592 1809 expe-

502 1833 688 1908 diret,
742 1834 824 1896 ab
872 1833 1117 1895 insidiis
1164 1838 1603 1913 praecaveret,
1654 1837 1914 1911 tempus
1960 1852 2216 1910 pugnae
2263 1830 2589 1909 deligeret,

504 1933 701 1995 aciem
766 1934 1133 2008 instrueret,
1196 1932 1499 1994 subsidiis
1561 1932 1867 1993 firmaret.
1975 1930 2123 1993 Non
2183 1951 2333 1994 cum
2381 1931 2592 1993 Dareo

500 2053 637 2095 rem
680 2053 817 2095 esse
861 2032 1152 2107 dixisset,
1202 2052 1397 2111 quem
1443 2031 1785 2093 mulierum
1833 2052 1905 2093 ac
1949 2030 2316 2110 spadonum
2363 2051 2594 2109 agmen

500 2134 890 2209 trahentem,
968 2132 1137 2195 inter
1210 2152 1570 2212 purpuram
1648 2137 1846 2212 atque
1922 2152 2172 2208 aurum,
2249 2137 2593 2194 oneratum

501 2234 800 2296 fortunae
854 2234 1277 2312 apparatibus
1328 2252 1504 2308 suae,
1560 2232 1870 2312 praedam
1933 2233 2145 2295 verius
2214 2253 2413 2312 quam
2481 2232 2594 2294 ho-

498 2340 687 2408 stem,
742 2332 900 2395 nihil
955 2332 1127 2394 aliud
1193 2353 1391 2412 quam
1452 2333 1617 2394 bene
1680 2353 1872 2396 ausus
1927 2354 2098 2395 vana
2159 2339 2590 2407 contemnere,

498 2433 873 2496 incruentus
936 2432 1195 2495 devicit..
1306 2433 1525 2511 Longe
1589 2432 1749 2494 alius
1807 2432 2037 2494 Italiae
2100 2453 2299 2512 quam
2344 2431 2590 2507 Indiae,

499 2553 612 2611 per
687 2554 886 2612 quam
962 2532 1323 2594 temulento
1401 2532 1656 2610 agmine
1731 2531 2235 2594 comisabundus
2309 2531 2589 2606 incessit,

503 2632 676 2694 visus
709 2632 798 2692 illi
831 2633 1100 2695 habitus
1131 2638 1321 2707 esset,
1356 2630 1563 2693 saltus
1597 2631 1869 2710 Apuliae
1903 2653 1975 2694 ac
2010 2638 2264 2694 montes
2298 2633 2592 2694 Lucanos

500 2732 784 2794 cernenti
860 2739 926 2794 et
1004 2732 1283 2811 vestigia
1356 2731 1644 2793 recentia
1717 2731 2109 2794 domesticae
2184 2731 2402 2806 cladiS,
2479 2730 2591 2793 ubi

500 2832 859 2894 avunculus
909 2833 1046 2895 eius
1096 2852 1320 2911 nuper,
1376 2830 1556 2910 Epiri
1604 2851 1716 2894 rex
1767 2831 2150 2907 Alexander,
2205 2831 2592 2909 absumptus

483 3028 489 3033 Ι
561 3051 640 3092 12.
673 3049 957 3093 videlicet:
1008 3049 1228 3100 strongly
1278 3047 1496 3091 ironical.

499 3117 571 3159 Its
602 3118 733 3160 force
764 3117 1019 3160 continues
1042 3118 1162 3160 with
1191 3117 1354 3161 Victus
1384 3117 1498 3159 esset

497 3184 596 3226 and
624 3185 666 3227 is
695 3184 915 3227 renewed
946 3185 997 3226 in
1027 3195 1131 3226 vero
1166 3185 1285 3234 (15).
1350 3183 1499 3226 obla.-

498 3251 591 3295 tun
618 3259 741 3302 par:
770 3252 846 3293 “if
872 3251 1032 3302 pitted
1060 3252 1252 3301 against
1279 3252 1433 3294 him.''

562 3319 640 3360 14.
675 3318 772 3368 qui
810 3348 823 3360 .
860 3348 874 3360 .
912 3348 925 3361 .
956 3319 1123 3362 dixit:
1156 3320 1341 3366 Cineas,
1376 3329 1498 3361 01166

498 3396 527 3426 a.
552 3386 938 3432 representative
963 3387 1014 3428 of
1042 3385 1175 3436 King
1201 3385 1417 3436 Pyrrhus
1443 3389 1495 3428 at

500 3451 671 3495 Rome.
741 3453 831 3495 His
869 3456 1137 3496 statement
1175 3453 1227 3494 of
1262 3453 1349 3495 the
1384 3453 1498 3494 doc-

498 3519 625 3561 trine
669 3519 722 3560 os
768 3519 1023 3570 Epicurus,
1072 3530 1193 3569 very
1236 3518 1498 3569 indirectly

497 3586 741 3635 reported.
766 3586 808 3628 is
832 3586 917 3628 the
941 3586 1071 3627 basis
1095 3587 1147 3628 of
1172 3586 1378 3628 Cicero’s
1402 3586 1499 3627 dis—

498 3653 691 3695 cussion
717 3653 769 3694 in
798 3653 858 3696 de
886 3655 995 3697 Sen.
1020 3654 1080 3695 43
1096 3653 1147 3695 ff.

562 3720 642 3761 18.
676 3718 1024 3761 trahentem:
1048 3729 1113 3762 sc.
1137 3729 1307 3762 secum.
1352 3719 1499 3762 1111111

504 3815 517 3828 .
555 3814 568 3827 .
606 3815 619 3827 .
652 3787 1036 3828 contemnere:
1070 3786 1230 3829 “with
1263 3797 1327 3828 no
1360 3791 1496 3834 great

498 3852 672 3901 daring
702 3856 875 3903 except
907 3852 1017 3895 that
1051 3852 1112 3896 he
1142 3853 1370 3905 properly
1402 3853 1498 3894 dis-

1595 3049 1828 3100 regarded
1855 3049 1941 3093 the
1965 3049 2082 3092 vain
2109 3049 2295 3093 show.”

1659 3118 1742 3160 17:
1775 3117 1940 3160 alius.
1962 3117 2082 3160 with
2103 3117 2304 3166 habitus.
2332 3118 2591 3172 “aspect.''

1596 3184 2058 3228 comisabundus:
2087 3184 2174 3227 See
2193 3184 2382 3228 Introd.
2408 3187 2462 3230 V.
2491 3189 2531 3228 2.
2551 3199 2586 3230 e.

1597 3251 1873 3294 Alexander
1909 3253 1961 3294 in
1998 3252 2221 3294 drunken
2263 3252 2453 3304 revelry
2485 3253 2592 3294 imi-

1597 3319 1737 3361 tated
1801 3330 1832 3361 a
1894 3319 2255 3361 Bacchanalian
2317 3320 2592 3370 procession

1597 3386 1810 3436 through
1826 3387 1954 3428 Asia.
2007 3386 2108 3428 Hoc
2121 3387 2256 3428 modo
2274 3396 2355 3436 per
2375 3387 2476 3428 die-3
2496 3386 2565 3429 VI
2568 3387 2593 3428 I

1597 3453 1978 3496 bacchabundum
2012 3464 2177 3503 aymen
2211 3453 2416 3503 incessit,
2457 3455 2590 3497 Curt.

1598 3521 1728 3563 Hist.
1756 3520 1893 3563 Alex.
1921 3522 1950 3563 9
1997 3522 2067 3563 10.
2098 3522 2170 3563 27.
2230 3520 2592 3564 domesticae:

1596 3587 1853 3639 explained
1884 3588 1951 3637 by
1978 3588 2242 3629 avunculus
2269 3587 2386 3629 eius.
2449 3586 2594 3629 Alex-

1597 3653 1747 3696 ander
1784 3653 2020 3695 Molossus
2052 3653 2163 3695 who
2197 3652 2295 3695 had
2330 3652 2472 3695 aided
2506 3653 2594 3696 the

1597 3721 1882 3762 Tarentines
1911 3720 2101 3770 against
2132 3719 2218 3762 tho
2247 3719 2465 3762 Romans
2493 3730 2593 3762 was

1596 3787 1743 3830 killed
1770 3789 1838 3838 by
1863 3799 1892 3830 a
1921 3788 2171 3830 Lucanian
2203 3788 2264 3836 (8.
2295 3789 2368 3828 24.
2401 3787 2464 3835 l).
