2925 4375
566 252 634 303 84
1484 244 1549 297 Τ.
1591 241 1748 296 LIVI
2411 248 2588 313 [xxvi.
2635 254 2672 305 3

567 437 783 493 castra
829 427 1170 508 posuisset,
1221 425 1399 489 nulla
1447 440 1837 506 magnopere
1886 426 2068 490 clade
2116 436 2387 508 accepta
2436 432 2671 493 castris

501 541 533 584 4
566 548 634 593 se
684 527 965 609 pavidus
1014 526 1305 589 tenebat.
1395 525 1586 602 Quod
1635 525 1750 587 ubi
1797 534 2133 590 senserant
2182 529 2422 599 hostes,
2460 531 2670 593 crevit

564 648 649 691 ex
695 633 875 690 metu
924 625 1153 701 aliene,
1200 632 1277 687 ut
1324 625 1419 701 fit,
1471 624 1764 701 audacia,
1811 632 1879 688 et
1925 633 2116 690 nocte
2163 627 2376 691 adorti
2423 636 2664 703 castra,

566 735 921 809 postquam
963 744 1197 805 parum
1240 724 1339 788 vis
1381 731 1611 803 aperta
1652 725 2036 804 profecerat,
2082 727 2478 792 munitiones
2519 748 2670 809 pos-

567 835 709 891 tero
773 826 877 888 die
943 823 1369 887 circumdant.
1460 825 1644 901 Quae
1707 824 2084 905 priusquam
2149 826 2440 907 undique
2493 829 2670 891 vallo

565 926 861 991 obiectae
921 924 1295 987 clauderent
1352 924 1590 1000 exitus,
1651 924 1939 1005 quinque
1995 926 2248 1005 equites
2305 927 2477 990 inter
2534 936 2670 991 sta-

568 1027 777 1091 tiones
822 1024 1111 1089 hostium
1156 1023 1372 1087 emissi
1418 1026 1703 1086 Romam
1746 1024 2068 1103 pertulere
2113 1032 2443 1090 consulem
2487 1048 2670 1091 exer-

502 1140 532 1182 5
568 1126 902 1207 citumque
962 1124 1262 1187 obsideri.
1354 1122 1531 1186 Nihil
1612 1130 1752 1187 tam
1832 1122 2243 1204 inopinatum
2325 1147 2443 1189 nec
2526 1135 2664 1191 tam

566 1226 971 1305 insperatum
1013 1223 1301 1287 accidere
1340 1222 1580 1304 potuit.
1671 1224 1908 1304 Itaque
1948 1230 2177 1289 tantus
2215 1246 2444 1303 pavor,
2475 1234 2669 1290 tanta

568 1325 923 1405 trepidatio
990 1324 1136 1400 fuit,
1207 1330 1459 1405 quanta
1525 1322 1580 1386 si
1645 1325 1894 1395 urbem,
1964 1346 2096 1388 non
2163 1334 2378 1389 castra
2446 1328 2666 1390 hostes

501 1438 533 1481 c
567 1424 958 1488 obsiderent.
1052 1423 1370 1487 Nautium
1414 1422 1745 1486 consulem
1773 1431 2125 1488 arcessunt.
2217 1426 2298 1489 In
2339 1446 2472 1505 quo
2517 1447 2666 1488 cum

568 1544 803 1604 parum
858 1522 1162 1603 praesidii
1218 1522 1550 1585 videretur
1602 1523 2122 1604 dictatoremque
2176 1524 2298 1586 dici
2357 1532 2666 1602 placeret,

569 1624 682 1705 qui
722 1644 858 1686 rem
899 1622 1261 1705 perculsam
1302 1621 1696 1699 restitueret,
1742 1624 1812 1685 L.
1858 1622 2202 1699 Quinctius
2241 1625 2670 1689 Cincinnatus

570 1744 885 1788 consensu
925 1722 1219 1787 omnium
1260 1721 1517 1785 dicitur.

504 1836 533 1880 7
696 1824 947 1903 Operae
996 1822 1281 1903 pretium
1330 1828 1431 1884 est
1484 1822 1727 1899 audire,
1781 1822 1893 1903 qui
1943 1823 2164 1887 omnia
2211 1844 2369 1904 prae
2418 1824 2670 1889 divit-iis

568 1924 865 1986 humana
917 1929 1255 2001 spernunt,
1320 1941 1530 2001 neque
1593 1923 1820 1985 honori
1881 1944 2117 2002 magno
2177 1923 2391 2001 locu-m
2455 1946 2668 2006 neque

502 2036 535 2080 8
568 2022 801 2087 virtuti
853 2028 1097 2103 putant
1147 2042 1305 2098 esse,
1346 2021 1466 2085 nisi
1520 2021 1634 2083 ubi
1685 2023 1886 2086 effuse
1939 2024 2188 2087 afluant
2240 2044 2414 2104 opes,
2507 2027 2670 2111 Spes

567 2123 760 2188 unica
789 2122 1041 2202 imperii
1069 2121 1295 2203 populi
1327 2120 1632 2198 Romani,
1669 2122 1738 2183 L.
1773 2117 2116 2199 Quinctius
2147 2130 2330 2189 tra-ns
2358 2121 2664 2203 Tiberim,

570 2230 799 2288 contra
840 2243 991 2286 eum
1034 2223 1249 2302 ipsum
1293 2221 1529 2297 locum,
1557 2213 1689 2282 ’ubi
1732 2242 1903 2285 nunc
1948 2223 2209 2286 navalia
2249 2231 2428 2288 sunt.
2475 2233 2677 2303 quat-

569 2330 720 2387 tuor
752 2323 1047 2402 iugerum
1082 2321 1336 2385 colebat
1371 2341 1620 2400 agrum,
1658 2340 1826 2402 quae
1860 2329 2049 2401 prata
2085 2323 2394 2400 Quinctia
2428 2312 2669 2388 vocan-

503 2438 534 2480 9
568 2431 695 2488 tur.
788 2423 890 2485 Ibi
947 2421 1031 2486 ab
1088 2421 1336 2500 legatiS‚
1381 2440 1493 2484 seu
1554 2421 1795 2484 fossam
1852 2420 2103 2486 fodiens
2159 2421 2346 2503 palae
2403 2423 2670 2490 innixus

1665 2623 2042 2675 pre-eminently
2065 2635 2095 2668 a
2123 2635 2238 2668 man
2261 2625 2314 2668 of
2341 2626 2506 2668 action
2539 2637 2670 2669 com-

1666 2691 1812 2733 bined
1853 2692 1973 2734 with
2011 2703 2120 2735 rare
2156 2693 2376 2736 wisdom.
2451 2693 2530 2736 He
2569 2705 2668 2736 was

570 2624 944 2674 “commissionz
967 2624 1053 2667 the
1074 2623 1267 2674 highest
1290 2623 1447 2666 honor
1469 2633 1570 2665 was

570 2695 621 2738 in
660 2694 745 2736 the
781 2694 975 2742 charge:
1014 2692 1250 2742 neqotium
1286 2692 1450 2734 datum
1488 2692 1566 2740 est.

568 2763 750 2811 videret,
775 2771 834 2801 ne
854 2759 970 2810 quid
989 2758 1257 2801 detrimenti
1281 2768 1356 2800 res
1379 2757 1568 2808 publica

567 2830 762 2880 caperet.

628 2895 678 2938 4.
713 2894 811 2937 ubl
843 2893 1158 2937 senserant:
1221 2893 1324 2935 The
1356 2892 1565 2943 pluperf.

564 2961 727 3005 would
756 2971 886 3003 seem
915 2964 969 3003 to
998 2971 1142 3002 mean
1170 2959 1323 3002 borne
1348 2959 1402 3001 in
1431 2969 1564 3010 upon

567 3029 705 3072 them
765 3029 892 3071 atter
950 3027 1114 3076 seeing
1172 3026 1275 3068 him
1334 3026 1568 3069 continue

567 3096 738 3140 within
783 3106 943 3146 camp.
1020 3094 1275 3143 Postquam
1316 3092 1438 3135 with
1482 3094 1568 3135 the

567 3163 775 3215 pluperf.
794 3163 835 3204 is
852 3172 1079 3204 common
1100 3161 1175 3202 for
1192 3160 1343 3210 single
1360 3160 1565 3203 actions.

566 3230 773 3273 alieno:
801 3230 877 3272 i.e.
908 3230 1251 3275 Romanorum,-
1276 3227 1566 3277 subjective.

565 3297 817 3347 undique
890 3290 1040 3338 vallo
1114 3294 1384 3338 obiectae:
1460 3293 1570 3344 “by

566 3364 794 3413 blocking
847 3362 933 3406 the
988 3362 1143 3405 entire
1198 3371 1308 3412 way
1361 3360 1484 3402 with
1538 3371 1568 3402 a

566 3431 793 3473 vallum.”
1346 3440 1351 3445 ·

629 3501 676 3544 5.
711 3497 953 3549 quanta:
980 3507 1046 3540 sc.
1074 3495 1202 3538 esset.

629 3567 678 3608 6.
710 3574 832 3608 rem
858 3594 872 3606 .
900 3594 913 3607 .
942 3593 955 3607 .
978 3562 1325 3606 restitueret:
1348 3573 1569 3612 express-

566 3632 651 3682 ing
676 3643 901 3684 purpose.
964 3631 1034 3674 cf.
1064 3630 1149 3672 the
1174 3631 1367 3672 famous
1393 3628 1491 3671 line
1517 3629 1568 3670 of

566 3701 755 3744 Ennius
823 3699 977 3740 about
1050 3697 1230 3740 Fabius
1302 3696 1564 3738 Maximus:

572 3765 711 3808 Unus
741 3765 876 3806 homo
907 3764 1042 3806 nobis
1074 3764 1335 3805 cunctando
1364 3762 1568 3804 restituit

564 3843 674 3883 rem,
702 3833 797 3874 Cic,
822 3831 882 3872 de
906 3832 1015 3878 Sen.
1045 3832 1116 3873 10.
1176 3828 1566 3878 Cincinnatus:

1665 2759 1833 2800 consul
1875 2761 1968 2802 460
2009 2770 2057 2801 B.
2081 2770 2144 2802 c..
2187 2759 2282 2802 and
2327 2760 2369 2801 is
2410 2759 2664 2802 described

1671 2825 1766 2873 (19.
1817 2825 1887 2875 3.)
1937 2836 1992 2867 as
2041 2826 2204 2875 potens
2251 2825 2410 2870 favore
2457 2828 2665 2878 patrum,

1665 2891 1832 2934 virtute
1861 2902 1965 2936 sua.
1997 2892 2148 2934 tribus
2178 2892 2351 2935 liberis.

1729 2960 1778 3001 7.
1815 2960 2042 3008 operae}
2115 2969 2194 3002 see
2264 2970 2328 3002 on
2403 2961 2566 3005 Praei.
2627 2963 2665 3004 1.

1666 3025 1882 3068 audire:
1911 3035 1978 3068 sc.
2009 3036 2085 3068 eos
2114 3036 2168 3067 as
2197 3025 2407 3074 subject.
2468 3027 2664 3071 unica:

1667 3096 1887 3141 stronger
1919 3091 2040 3133 than
2075 3102 2194 3134 una.
2259 3093 2331 3136 Cf.
2370 3094 2412 3138 1.
2447 3094 2527 3136 21.
2560 3096 2605 3136 2.

1728 3159 1778 3201 8.
1811 3158 2099 3209 iugerum:
2169 3159 2466 3210 descriptive
2536 3161 2668 3210 geni-

1668 3225 1787 3268 tive.
1860 3225 1963 3268 The
2001 3226 2112 3267 four
2148 3226 2314 3276 iuver-a
2349 3237 2478 3270 were
2515 3237 2669 3270 some-

1665 3293 1798 3334 what
1826 3292 1920 3334 less
1947 3293 2066 3335 than
2097 3293 2236 3335 three
2263 3303 2413 3336 acres,

1727 3361 1778 3402 0.
1812 3358 2054 3403 fodiens:
2083 3377 2127 3392 ==
2153 3360 2268 3402 dum
2297 3359 2439 3409 rodit.-
2469 3360 2668 3412 parallel

1666 3426 1786 3468 with
1825 3437 1932 3469 cum
1972 3427 2139 3469 araret.
2213 3425 2373 3476 palae
2413 3426 2668 3472 innixus:

1664 3495 1742 3536 i.e.
1789 3493 2032 3542 throwing
2087 3495 2163 3537 his
2204 3493 2383 3543 weight
2439 3504 2575 3545 upon
2639 3505 2668 3536 a

1665 3560 1832 3611 spade.
1906 3559 2090 3603 salute
2135 3588 2149 3602 .
2195 3588 2210 3602 .
2257 3588 2270 3602 .
2311 3559 2667 3611 redditaque:

1668 3627 1835 3670 “after
1906 3627 2149 3676 greetings
2219 3625 2318 3668 had
2391 3626 2515 3669 been
2588 3639 2669 3669 ex-

1665 3693 1936 3744 changed.”
2015 3693 2148 3735 Both
2192 3693 2292 3735 this
2335 3693 2435 3735 and
2479 3695 2668 3742 rooatus

1665 3772 1747 3802 are
1772 3761 1903 3811 prior
1930 3763 1982 3802 to
2009 3761 2289 3803 admiratus.
2348 3760 2501 3810 quod
2528 3760 2668 3804 beno

1663 3827 1931 3873 verteret:
1960 3844 2002 3859 =
2030 3838 2072 3882 q.
2104 3828 2145 3870 b.
2174 3829 2319 3872 vertat
2346 3827 2397 3870 in
2425 3827 2516 3872 dir.
2547 3827 2665 3875 disc.
