2925 4375
372 181 474 239 liii.
514 180 599 247 10]
1253 179 1487 234 LIBER
1522 180 1613 234 III
2371 185 2471 238 107

377 361 448 427 111
494 369 709 428 castra
755 361 1183 444 accipiuntur,
1232 361 1474 443 quippe
1520 361 1895 426 liberatores
1940 362 2116 425 haud
2163 363 2358 427 dubie
2403 370 2470 427 et

380 468 602 526 motus
661 462 849 525 initio
906 467 975 525 et
1034 461 1218 533 exitu
1276 460 1385 525 rei.
1478 461 1580 524 Ob
1618 463 1774 525 haec
1834 461 1911 524 iis
1970 462 2472 526 advenientibus

303 575 341 621 3
378 562 628 643 gratiae
708 568 916 626 actae.
1006 560 1225 625 Icilius
1306 583 1422 643 pro
1507 561 1928 624 multitudine
2009 561 2211 625 verba
2291 562 2468 625 facit.

380 662 589 738 Idem,
677 682 826 726 cum
898 659 981 725 de
1060 660 1545 724 condicionibus
1624 667 1940 740 ageretur,
2012 662 2474 743 quaerentibus

378 761 629 843 legatis,
703 780 871 842 quae
942 760 1277 841 postulata
1346 760 1552 841 plebis
1623 766 1858 836 essent,
1933 762 2291 843 composito
2341 762 2472 824 iam

378 868 535 927 ante
604 860 965 924 adventum
1035 860 1396 939 legatorum
1465 860 1728 924 consilio
1796 881 1876 923 ea
1942 862 2324 942 postulavit,
2396 868 2472 924 ut

378 967 723 1043 appareret
761 962 829 1024 in
868 960 1205 1041 aequitate
1239 960 1638 1049 rerumqplus
1676 981 1876 1042 quam
1913 960 1980 1023 in
2018 961 2214 1024 armis
2249 962 2474 1042 reponi

303 1079 342 1121 4
376 1061 533 1142 spei.
624 1062 1033 1124 Potestatem
1084 1060 1257 1122 enim
1323 1060 1740 1123 tribuniciam
1807 1062 2469 1143 provocationemque

376 1162 783 1242 repetebant,
832 1179 1001 1241 quae
1044 1167 1199 1223 ante
1242 1159 1642 1222 decemviros
1687 1168 1937 1224 creatos
1983 1161 2226 1224 auxilia
2268 1161 2474 1242 plebis

377 1261 659 1337 fuerant,
692 1267 760 1323 et
791 1280 873 1323 ne
904 1259 1008 1324 cui
1038 1258 1253 1322 fraudi
1281 1266 1451 1321 esset
1484 1261 1768 1323 concisse
1798 1259 2036 1323 milites
2068 1266 2184 1323 aut
2215 1260 2470 1340 plebem

306 1378 342 1422 5
377 1361 460 1425 ad
509 1360 932 1441 repetendam
980 1379 1095 1440 per
1138 1359 1561 1422 secessionem
1606 1358 1992 1423 libertatem.
2085 1362 2182 1422 De
2221 1360 2474 1423 decem-

378 1462 666 1524 virorum
732 1459 927 1522 modo
990 1458 1307 1539 supplicio
1373 1465 1566 1522 atrox
1629 1459 2036 1539 postulatum
2103 1460 2256 1523 fuit:
2322 1460 2472 1523 dedi

376 1561 620 1643 quippe
682 1580 791 1623 eos
856 1579 1137 1639 aequum
1202 1559 1576 1635 censebant,
1642 1558 1957 1639 vivosque
2017 1558 2151 1639 igni
2213 1580 2470 1623 concre-

375 1667 670 1723 maturos
710 1659 1149 1722 minabantur.

303 1776 343 1823 0
503 1759 729 1839 Legati
794 1759 875 1822 ad
940 1778 1043 1821 ea:
1109 1760 1309 1838 ‘quae
1372 1758 1620 1821 consilii
1682 1758 1967 1835 fuerunt,
2033 1759 2196 1823 adeo
2261 1780 2471 1840 aequa

375 1858 777 1941 postulastiS,
838 1865 915 1922 ut
971 1857 1144 1921 ultro
1203 1857 1390 1921 vobis
1447 1858 1797 1921 deferenda
1853 1858 2122 1936 fuerint;
2181 1859 2469 1923 libertati

373 1961 549 2023 enim
592 1979 671 2021 ea
712 1958 1034 2038 praesidia
1076 1958 1320 2037 petitis,
1348 1978 1482 2020 non
1526 1957 1822 2020 licentiae
1866 1957 1948 2021 ad
1992 1959 2470 2039 impugnandos

309 2077 341 2122 ἰ
376 2059 553 2122 alios.
645 2059 789 2121 Irae
845 2064 1099 2120 vestrae
1171 2057 1376 2136 magis
1446 2057 1910 2135 ignoscendum
1984 2079 2184 2139 quam
2254 2059 2466 2121 indul-

373 2158 660 2240 gendum
696 2164 816 2235 est,
856 2158 1098 2240 quippe
1136 2156 1249 2238 qui
1285 2156 1689 2221 crudelitatis
1723 2157 1872 2221 odio
1909 2158 1976 2220 in
2015 2158 2467 2223 crudelitatem

375 2260 563 2324 ruitis
617 2266 685 2323 et
740 2260 918 2339 prius
973 2278 1198 2338 paene,
1257 2278 1456 2338 quam
1512 2257 1636 2338 ipsi
1692 2258 1875 2321 liberi
1928 2259 2089 2335 sitiS,
2147 2259 2470 2323 dominari

308 2379 341 2424 8
373 2359 507 2422 iam
548 2359 617 2422 in
660 2358 1062 2426 adversarios
1095 2357 1313 2421 vultis.
1406 2357 1869 2438 Numquamne
1896 2359 2183 2440 quiescet
2227 2360 2462 2422 civitas

374 2465 601 2522 nostra
660 2480 699 2522 a
758 2457 1087 2538 suppliciis
1148 2464 1265 2520 aut
1325 2462 1591 2537 patrum
1651 2457 1718 2520 in
1779 2459 2033 2539 plebem
2097 2461 2464 2523 Romanam

306 2580 339 2624 ο
374 2565 493 2622 aut
545 2558 750 2639 plebis
802 2558 869 2621 in
921 2559 1177 2637 patres?
1264 2558 1462 2621 Scuto
1506 2557 1692 2620 vobis
1745 2559 1949 2637 magis
2002 2580 2201 2640 quam
2254 2559 2466 2638 gladio

372 2679 539 2739 opus
579 2664 696 2720 est.
800 2657 971 2720 Satis
1025 2677 1347 2737 superque
1402 2657 1664 2720 humilis
1718 2665 1837 2733 est,
1897 2659 2009 2738 qui
2064 2659 2200 2722 iure
2257 2680 2466 2739 aequo

373 2757 442 2820 in
494 2758 762 2820 civitate
816 2757 1001 2832 vivit,
1055 2777 1173 2820 nec
1224 2756 1559 2820 inferendo
1611 2757 1912 2821 iniuriam
1965 2780 2081 2821 nec
2133 2759 2462 2839 patiendo.

272 2879 338 2924 10
376 2857 597 2920 Etiam
651 2857 706 2920 si
761 2857 1024 2938 quando
1080 2857 1465 2920 metuendos
1521 2877 1639 2920 vos
1693 2857 2050 2938 praebituri
2103 2859 2278 2934 estis,
2319 2880 2467 2922 011111

374 2957 746 3038 reciperatis
784 2956 1273 3036 magistratibus
1310 2955 1687 3036 legibusque
1723 2959 1956 3020 vestris
1993 2959 2232 3021 iudicia
2267 2979 2464 3038 penes

376 3077 493 3120 vos
528 3063 721 3120 erunt
757 3056 839 3119 de
878 3057 1091 3136 capite
1128 3063 1350 3119 nostro
1389 3055 1816 3138 fortunisque,
1858 3063 2017 3120 tunc
2056 3066 2131 3121 ut
2169 3079 2465 3140 quaeque

376 3177 573 3220 causa
625 3157 749 3220 erit
802 3156 1110 3219 statuetis
1121 3177 1137 3232 3
1193 3177 1365 3217 nunc
1423 3155 1793 3219 libertatem
1850 3157 2053 3236 repeti
2109 3158 2268 3221 satis
2322 3159 2463 3221 est.’

436 3374 488 3418 4.
519 3373 707 3418 fraudi
742 3374 911 3418 esset:
947 3373 1121 3416 “work
1155 3372 1374 3426 injury,”
1474 3376 1611 3417 ment
1638 3374 1690 3416 in
1716 3374 1762 3418 6.
1822 3373 2079 3420 humilis:
2107 3374 2193 3419 the
2219 3375 2471 3420 condition

375 3441 463 3485 the
504 3441 586 3484 old
627 3441 755 3493 legal
798 3452 936 3484 sense
978 3441 1031 3483 of
1071 3441 1223 3492 traua.
1300 3442 1373 3486 Cf.
1474 3442 1525 3483 of
1559 3452 1590 3483 a
1624 3442 1870 3484 decemvir
1904 3446 1992 3485 out
2028 3444 2080 3486 ot
2113 3445 2253 3487 office
2285 3445 2328 3486 is
2361 3455 2472 3495 sug-

379 3509 762 3619 L⁸4J⁸cg⁰nnsssst
786 3575 922 3627 pred.
948 3585 1078 3628 poss.
1105 3587 1213 3626 gen.
1272 3575 1375 3619 The
1475 3508 2009 3620 seffometuendoe:
2057 3577 2134 3620 1.0.
2184 3578 2252 3629 by
2300 3579 2473 3629 taking

374 3646 595 3686 contrast
622 3644 664 3686 is
689 3643 811 3686 with
838 3645 945 3686 Irae
978 3643 1065 3693 (7).
1475 3654 1544 3693 up
1600 3643 1686 3685 the
1744 3644 1969 3693 question
2027 3644 2080 3686 ot
2135 3645 2470 3696 punishment.

436 3710 488 3752 0.
521 3710 683 3753 scuto
726 3739 740 3752 .
774 3739 788 3752 .
823 3739 836 3752 .
877 3709 1087 3760 cladioz
1141 3710 1376 3760 referring
1474 3709 1764 3753 statuetis:
1804 3709 1924 3752 used
1965 3721 2021 3752 as
2061 3722 2091 3754 a
2132 3711 2343 3754 familiar
2382 3713 2472 3754 im·

374 3776 782 3828 metaphoricauy
834 3779 888 3818 to
940 3776 1025 3819 the
1073 3775 1171 3819 last
1223 3780 1375 3819 state·
1474 3776 1709 3828 perative.
