2925 4375
311 274 595 345 xxxi.10]
1172 278 1407 333 LIBER
1442 278 1553 333 v11

2304 281 2410 335 133

244 473 279 519 3
314 460 643 525 Samnites
687 459 873 523 vobis
916 480 1229 539 negamus
1238 480 1254 536 ;
1301 459 1566 539 legatos,
1612 459 1780 523 sicut
1839 459 1938 523 ius
1997 458 2225 540 fasque
2282 466 2403 537 est,

315 560 399 624 ad
464 560 671 623 socios
737 566 936 640 atque
998 559 1239 622 amicos
1302 566 1641 638 precatum
1706 559 2062 635 mittemuS‚
2129 579 2211 623 ne
2274 578 2408 641 qua

316 660 503 724 vobis
567 660 663 722 vis
724 660 881 721 fiat.’
972 659 1073 721 Ad
1135 679 1214 722 ea
1272 658 1570 737 princeps
1632 658 2170 738 legationis—sic
2231 660 2405 723 enim

314 759 512 824 domo
564 759 952 822 mandatum
1004 757 1363 821 attulerant
1390 792 1473 801 —
1499 758 1792 838 ‘quando
1842 758 2137 839 quidem'
2191 758 2407 840 inquit

318 861 333 889 ‘
349 865 576 923 nostra
616 859 786 922 tueri
828 859 1138 922 adversus
1182 858 1317 920 vim
1362 863 1562 938 atque
1604 858 1906 921 iniuriam
1952 859 2126 922 iusta
2168 858 2234 921 vi
2275 880 2407 923 non

246 974 282 1018 4
316 958 537 1034 vultis,
602 965 821 1021 vestra
879 966 1053 1022 certe
1112 958 1500 1021 defendetis:
1562 958 1785 1038 itaque
1847 958 2162 1037 populum
2221 959 2409 1022 Carn-

315 1079 564 1139 panum
606 1059 964 1139 urbemque
1005 1060 1317 1137 Capuam,
1364 1078 1569 1136 agrOS,
1614 1056 1885 1120 delubra
1927 1059 2142 1134 deum,
2185 1058 2410 1121 divina

316 1160 737 1238 humanaque
782 1159 1005 1221 omnia
1047 1158 1117 1220 in
1163 1165 1471 1234 vestram,
1521 1163 1740 1237 patres
1790 1158 2156 1237 conscripti,
2204 1178 2410 1239 popu-

317 1258 492 1338 lique
574 1258 855 1322 Romani
934 1258 1254 1321 dicionem
1340 1258 1661 1334 dedimuS‚
1762 1258 2083 1339 quidquid
2177 1258 2411 1322 deinde

244 1374 281 1418 5
317 1358 664 1437 patiemur,
703 1358 992 1421 dediticii
1018 1358 1217 1421 vestri
1247 1358 1541 1437 passuri.²
1625 1358 1760 1422 Sub
1800 1359 1956 1421 haec
1986 1358 2164 1421 dicta
2187 1378 2410 1421 omnes

320 1478 554 1520 manus
594 1458 675 1520 ad
715 1457 1007 1521 consules
1044 1459 1406 1535 tendentes,
1447 1457 1621 1537 pleni
1660 1458 2075 1521 lacrimarum
2113 1457 2179 1520 in
2217 1458 2412 1521 vesti-

247 1573 285 1617 c
318 1556 474 1619 bulo
537 1558 751 1620 curiae
797 1558 1300 1637 procubuerunt.
1407 1558 1737 1621 Commoti
1800 1564 2020 1637 patres
2083 1558 2223 1621 vice
2285 1558 2411 1620 for-

320 1663 631 1719 tunarum
672 1659 1127 1734 humanarum,
1168 1658 1222 1721 si
1261 1638 1365 1721 ille
1404 1664 1796 1738 praepotens
1837 1658 2070 1737 opibus
2111 1657 2410 1737 populu8,

321 1757 579 1820 luxuria
624 1758 1054 1838 superbiaque
1101 1756 1331 1834 clarus,
1380 1778 1420 1820 a
1468 1779 1597 1838 quo
1645 1757 1842 1837 paulo
1895 1764 2047 1820 ante
2097 1757 2412 1819 auxilium

322 1857 583 1919 finitimi
632 1858 967 1936 petissent,
1021 1858 1182 1920 adeo
1232 1857 1545 1919 infractos
1595 1864 1842 1935 gereret
1897 1857 2168 1932 animos„
2222 1862 2298 1919 ut
2345 1876 2415 1919 se

251 1974 286 2019 ⁷
319 1956 460 2035 ipse
502 1976 749 2037 suaque
793 1957 1013 2019 omnia
1057 1957 1403 2036 potestatis
1437 1957 1684 2019 alienae
1717 1956 1978 2019 faceret.
2069 1956 2239 2019 Tum
2276 1956 2407 2018 iam

322 2056 483 2119 fides
534 2056 636 2134 agi
688 2056 846 2132 visa,
899 2056 1155 2119 deditos
1206 2078 1336 2119 non
1387 2056 1575 2134 prodi
1584 2076 1600 2132 3
1653 2076 1769 2118 nec
1823 2056 2153 2119 facturum
2206 2075 2417 2136 aequa

323 2156 717 2220 Samnitium
790 2155 1105 2236 populum
1181 2155 1552 2232 censebant,
1628 2156 1682 2218 si
1758 2176 1985 2236 agrum
2061 2155 2417 2237 urbemque

323 2276 441 2336 per
506 2255 903 2319 deditionem
974 2256 1218 2320 factam
1287 2255 1513 2336 populi
1585 2257 1869 2318 Romani
1938 2261 2410 2335 oppugnarent.

252 2373 289 2419 8
326 2357 603 2433 Legatos
648 2356 871 2436 itaque
943 2355 1272 2436 extemplo
1347 2356 1524 2418 mitti
1598 2355 1680 2418 ad
1755 2356 2082 2418 Samnites
2145 2354 2412 2435 placuit.

327 2457 506 2517 Data
587 2455 919 2533 mandata,
1006 2462 1082 2519 ut
1165 2476 1383 2534 preces
1446 2457 1950 2534 Campanorum,
2038 2473 2418 2534 responsum

324 2560 592 2618 senatus
652 2556 974 2618 amicitiae
1033 2557 1425 2618 Samnitium
1486 2575 1752 2631 memor,
1814 2555 2214 2617 deditionem
2273 2574 2420 2633 pos-

255 2675 289 2719 9
325 2660 535 2717 tremo
616 2655 860 2718 factam
940 2655 1342 2718 Samnitibus
1419 2661 1845 2734 exponerent;
1924 2659 2225 2734 peterent
2302 2673 2420 2733 pro

324 2754 640 2817 societate
680 2755 1115 2834 amicitiaque,
1157 2760 1234 2817 ut
1272 2754 1594 2818 dediticiis
1633 2754 1765 2816 suis
1804 2758 2166 2833 parcerent,
2208 2772 2420 2833 neque

325 2854 394 2917 in
435 2874 586 2916 eum
630 2875 875 2934 agrum,
921 2855 1033 2935 qui
1075 2854 1298 2934 populi
1342 2854 1625 2917 Romani
1667 2854 1880 2917 factus
1921 2859 2112 2932 esset,
2156 2851 2422 2917 hostilia

328 2973 511 3016 arma
576 2953 885 3016 inferrent
896 2975 912 3029 ;
979 2954 1031 3016 si
1100 2954 1329 3016 leniter
1394 2955 1642 3032 agendo
1709 2974 1941 3032 parum
2008 2954 2417 3033 proficerent,

326 3039 789 3117 denuntiarent
870 3053 1271 3117 Samnitibus
1352 3053 1577 3133 populi
1659 3053 1941 3116 Romani
2021 3059 2421 3132 senatusque

222 2973 289 3020 10

390 3203 443 3248 4.
474 3202 668 3256 itaque
707 3234 721 3248 .
760 3233 775 3249 .
814 3233 829 3249 .
864 3203 1145 3248 dedimus:
1181 3206 1245 3248 cf.
1285 3207 1326 3251 1.

330 3273 407 3316 38.
454 3273 498 3316 2.
578 3271 849 3316 dediticii:
896 3273 991 3315 “as
1034 3271 1227 3324 subject
1274 3275 1329 3316 to

329 3349 455 3390 your
478 3339 719 3382 control.”

1425 3207 1568 3250 other
1585 3207 1725 3259 point
1745 3205 1798 3249 of
1813 3206 1954 3250 view.
2005 3202 2425 3257 oppugnarent:

1426 3284 1455 3315 a
1511 3275 1603 3317 fut.
1658 3274 1710 3316 in
1763 3273 1850 3316 the
1895 3273 2000 3316 first
2055 3272 2182 3315 form
2235 3271 2288 3314 os
2339 3270 2426 3314 the

1427 3340 1658 3390 thought.

395 3407 443 3447 6.
480 3405 782 3449 commoti:
818 3417 884 3450 sc.
912 3407 1037 3449 sunt.
1105 3405 1329 3450 luxuria

461 3500 475 3513 .
520 3470 724 3515 clarus:
768 3472 855 3515 the
896 3483 1065 3516 source
1108 3474 1159 3515 oi
1202 3473 1328 3516 their

331 3539 463 3581 fame
484 3549 584 3580 was
605 3538 691 3582 the
712 3538 941 3582 ultimate
963 3550 1107 3582 cause
1128 3540 1180 3581 oi
1202 3540 1328 3582 their

329 3603 581 3647 weakness
638 3605 733 3654 (32.
790 3606 862 3654 7):
914 3605 1136 3655 superbia
1189 3606 1329 3648 Cam-

330 3681 464 3722 pana
492 3671 692 3714 became
716 3671 1008 3723 proverbial.
1060 3672 1132 3714 cf.
1152 3673 1197 3715 9.
1216 3673 1262 3715 6.
1281 3673 1327 3716 5.

330 3736 653 3789 potestatis:
682 3737 745 3780 cr.
774 3737 992 3790 dicioni-3,
1022 3739 1062 3781 1.
1088 3739 1163 3782 25.
1192 3739 1264 3783 13.

396 3803 445 3846 7.
478 3801 631 3854 fides,
668 3807 783 3847 etc.:
817 3803 880 3847 cs.
919 3804 963 3847 1.
997 3803 1142 3846 Their
1172 3804 1330 3848 honor

330 3879 443 3912 now
465 3868 655 3912 seemed
679 3872 734 3912 to
756 3869 818 3912 be
839 3869 1069 3912 involved
1094 3870 1220 3913 from
1242 3881 1329 3913 an-

1490 3407 1538 3449 8.
1571 3406 1716 3451 Data
1745 3405 2040 3450 mandata:
2069 3405 2156 3448 the
2176 3403 2428 3447 combinar-

1427 3474 1532 3516 tion
1556 3474 1596 3516 is
1619 3477 1706 3516 not
1731 3473 2049 3525 euphonious,
2074 3471 2166 3514 but
2189 3471 2228 3514 it
2252 3469 2428 3514 avoids

1426 3541 1652 3583 mandata
1691 3540 1816 3590 data.
1857 3538 2018 3582 which
2059 3538 2255 3581 Roman
2293 3537 2429 3580 rhet·

1425 3607 1636 3649 oricians
1663 3605 1826 3650 would
1855 3605 1985 3648 have
2011 3602 2335 3649 condemned.

1490 3673 1571 3714 10.
1605 3671 2032 3716 denuntiarent:
2100 3681 2180 3714 see
2245 3680 2312 3712 on
2378 3670 2426 3714 5.

1427 3741 1504 3782 49.
1545 3741 1591 3783 2.
1662 3739 1854 3790 popuii
1893 3738 2133 3784 Romani
2172 3737 2431 3782 senatus-

1429 3815 1563 3856 quet
1592 3817 1784 3850 reverse
1813 3807 1866 3850 os
1896 3807 1982 3850 the
2011 3805 2153 3850 usual
2183 3804 2341 3855 order,
2373 3813 2432 3846 as

1431 3877 1484 3915 at
1513 3874 1559 3917 8.
1588 3875 1634 3917 4.
1668 3875 1740 3918 11.
