<?xml version="1.0" encoding="UTF-8"?>
<!DOCTYPE html PUBLIC "-//W3C//DTD XHTML 1.0 Transitional//EN"
    "http://www.w3.org/TR/xhtml1/DTD/xhtml1-transitional.dtd">
<html xmlns="http://www.w3.org/1999/xhtml" xml:lang="en" lang="en">
 <head>
  <title>
</title>
<meta http-equiv="Content-Type" content="text/html;charset=utf-8" />
  <meta name='ocr-system' content='tesseract 3.04.00' />
  <meta name='ocr-capabilities' content='ocr_page ocr_carea ocr_par ocr_line ocrx_word'/>
</head>
<body>
  <div class='ocr_page' id='page_1' title='image "./livyselectionsf01longgoog_0082.png"; bbox 0 0 2925 4375; ppageno 0'>
   <div class='ocr_carea' id='block_1_1' title="bbox 436 208 2544 3178">
    <p class='ocr_par' dir='ltr' id='par_1_1' title="bbox 436 208 2544 3178">
     <span class='ocr_line' id='line_1_1' title="bbox 438 208 2531 272; baseline 0 -12"><span class='ocrx_word' id='word_1_1' title='bbox 438 214 507 265; x_wconf 88' lang='lat'>78</span> <span class='ocrx_word' id='word_1_2' title='bbox 1355 210 1413 261; x_wconf 89' lang='lat' dir='ltr'>T.</span> <span class='ocrx_word' id='word_1_3' title='bbox 1457 208 1616 261; x_wconf 88' lang='lat' dir='ltr'><strong>LIVI</strong></span> <span class='ocrx_word' id='word_1_4' title='bbox 2278 208 2455 272; x_wconf 84' lang='lat' dir='ltr'>[xxiii.</span> <span class='ocrx_word' id='word_1_5' title='bbox 2503 212 2531 261; x_wconf 92' lang='grc'>1</span> 
     </span>
     <span class='ocr_line' id='line_1_2' title="bbox 436 389 2532 471; baseline -0.001 -16"><span class='ocrx_word' id='word_1_6' title='bbox 436 393 579 471; x_wconf 92' lang='lat' dir='ltr'>ipsa</span> <span class='ocrx_word' id='word_1_7' title='bbox 629 392 871 454; x_wconf 83' lang='lat' dir='ltr'>discors</span> <span class='ocrx_word' id='word_1_8' title='bbox 920 390 1231 454; x_wconf 91' lang='lat' dir='ltr'>intestino</span> <span class='ocrx_word' id='word_1_9' title='bbox 1282 389 1453 453; x_wconf 89' lang='lat' dir='ltr'>inter</span> <span class='ocrx_word' id='word_1_10' title='bbox 1503 397 1724 469; x_wconf 91' lang='lat' dir='ltr'>patres</span> <span class='ocrx_word' id='word_1_11' title='bbox 1773 390 2161 470; x_wconf 83' lang='lat' dir='ltr'>plebemque</span> <span class='ocrx_word' id='word_1_12' title='bbox 2214 389 2532 469; x_wconf 87' lang='lat' dir='ltr'>flagrabat</span> 
     </span>
     <span class='ocr_line' id='line_1_3' title="bbox 436 490 2532 570; baseline -0.001 -15"><span class='ocrx_word' id='word_1_13' title='bbox 436 492 606 568; x_wconf 94' lang='lat' dir='ltr'>odi0,</span> <span class='ocrx_word' id='word_1_14' title='bbox 638 491 921 554; x_wconf 87' lang='lat' dir='ltr'>maxime</span> <span class='ocrx_word' id='word_1_15' title='bbox 950 498 1217 570; x_wconf 88' lang='lat' dir='ltr'>propter</span> <span class='ocrx_word' id='word_1_16' title='bbox 1244 510 1445 552; x_wconf 87' lang='lat' dir='ltr'>nexos</span> <span class='ocrx_word' id='word_1_17' title='bbox 1483 490 1568 551; x_wconf 93' lang='lat' dir='ltr'>ob</span> <span class='ocrx_word' id='word_1_18' title='bbox 1608 511 1714 553; x_wconf 80' lang='lat' dir='ltr'>aes</span> <span class='ocrx_word' id='word_1_19' title='bbox 1753 490 2054 553; x_wconf 88' lang='lat' dir='ltr'>alienum.</span> <span class='ocrx_word' id='word_1_20' title='bbox 2139 490 2532 552; x_wconf 89' lang='lat' dir='ltr'>Fremebant</span> 
     </span>
     <span class='ocr_line' id='line_1_4' title="bbox 436 589 2535 671; baseline -0.002 -16"><span class='ocrx_word' id='word_1_21' title='bbox 436 612 504 655; x_wconf 89' lang='lat' dir='ltr'>se</span> <span class='ocrx_word' id='word_1_22' title='bbox 546 591 701 653; x_wconf 85' lang='lat' dir='ltr'>foris</span> <span class='ocrx_word' id='word_1_23' title='bbox 739 610 858 671; x_wconf 90' lang='lat' dir='ltr'>pro</span> <span class='ocrx_word' id='word_1_24' title='bbox 899 590 1199 652; x_wconf 89' lang='lat' dir='ltr'>libertate</span> <span class='ocrx_word' id='word_1_25' title='bbox 1238 596 1306 651; x_wconf 92' lang='lat' dir='ltr'>et</span> <span class='ocrx_word' id='word_1_26' title='bbox 1344 589 1617 668; x_wconf 90' lang='lat' dir='ltr'>imperio</span> <span class='ocrx_word' id='word_1_27' title='bbox 1658 589 2043 652; x_wconf 76' lang='lat' dir='ltr'>dimicantes</span> <span class='ocrx_word' id='word_1_28' title='bbox 2083 589 2261 651; x_wconf 92' lang='lat' dir='ltr'>domi</span> <span class='ocrx_word' id='word_1_29' title='bbox 2303 610 2342 652; x_wconf 93' lang='lat' dir='ltr'>a</span> <span class='ocrx_word' id='word_1_30' title='bbox 2381 589 2535 650; x_wconf 89' lang='lat' dir='ltr'>civi-</span> 
     </span>
     <span class='ocr_line' id='line_1_5' title="bbox 438 689 2533 770; baseline -0.002 -17"><span class='ocrx_word' id='word_1_31' title='bbox 438 692 561 754; x_wconf 93' lang='lat' dir='ltr'>bus</span> <span class='ocrx_word' id='word_1_32' title='bbox 600 698 829 770; x_wconf 90' lang='lat' dir='ltr'>captos</span> <span class='ocrx_word' id='word_1_33' title='bbox 865 696 931 752; x_wconf 91' lang='lat' dir='ltr'>et</span> <span class='ocrx_word' id='word_1_34' title='bbox 970 708 1309 768; x_wconf 88' lang='lat' dir='ltr'>oppressos</span> <span class='ocrx_word' id='word_1_35' title='bbox 1346 709 1503 765; x_wconf 90' lang='lat' dir='ltr'>esse,</span> <span class='ocrx_word' id='word_1_36' title='bbox 1544 689 1986 769; x_wconf 90' lang='lat' dir='ltr'>tutioremque</span> <span class='ocrx_word' id='word_1_37' title='bbox 2021 689 2092 751; x_wconf 93' lang='lat' dir='ltr'>in</span> <span class='ocrx_word' id='word_1_38' title='bbox 2129 689 2296 751; x_wconf 89' lang='lat' dir='ltr'>bello</span> <span class='ocrx_word' id='word_1_39' title='bbox 2335 709 2533 768; x_wconf 89' lang='lat' dir='ltr'>quam</span> 
     </span>
     <span class='ocr_line' id='line_1_6' title="bbox 437 780 2535 869; baseline -0.002 -16"><span class='ocrx_word' id='word_1_40' title='bbox 437 791 505 854; x_wconf 93' lang='lat' dir='ltr'>in</span> <span class='ocrx_word' id='word_1_41' title='bbox 538 810 719 869; x_wconf 91' lang='lat' dir='ltr'>pace,</span> <span class='ocrx_word' id='word_1_42' title='bbox 754 798 821 853; x_wconf 89' lang='lat' dir='ltr'>et</span> <span class='ocrx_word' id='word_1_43' title='bbox 852 790 1023 852; x_wconf 89' lang='lat' dir='ltr'>inter</span> <span class='ocrx_word' id='word_1_44' title='bbox 1055 789 1259 851; x_wconf 90' lang='lat' dir='ltr'>hostis</span> <span class='ocrx_word' id='word_1_45' title='bbox 1294 809 1495 869; x_wconf 92' lang='lat' dir='ltr'>quam</span> <span class='ocrx_word' id='word_1_46' title='bbox 1527 780 1698 851; x_wconf 90' lang='lat' dir='ltr'>inter</span> <span class='ocrx_word' id='word_1_47' title='bbox 1732 788 1892 850; x_wconf 89' lang='lat' dir='ltr'>civis</span> <span class='ocrx_word' id='word_1_48' title='bbox 1926 788 2296 851; x_wconf 89' lang='lat' dir='ltr'>libertatem</span> <span class='ocrx_word' id='word_1_49' title='bbox 2329 787 2535 868; x_wconf 89' lang='lat' dir='ltr'>plebis</span> 
     </span>
     <span class='ocr_line' id='line_1_7' title="bbox 438 888 2536 969; baseline -0.003 -14"><span class='ocrx_word' id='word_1_50' title='bbox 438 912 602 966; x_wconf 91' lang='lat' dir='ltr'>esse;</span> <span class='ocrx_word' id='word_1_51' title='bbox 661 890 1107 969; x_wconf 87' lang='lat' dir='ltr'>invidiamque</span> <span class='ocrx_word' id='word_1_52' title='bbox 1165 909 1310 950; x_wconf 92' lang='lat' dir='ltr'>eam</span> <span class='ocrx_word' id='word_1_53' title='bbox 1368 910 1488 951; x_wconf 88' lang='lat' dir='ltr'>sua</span> <span class='ocrx_word' id='word_1_54' title='bbox 1544 896 1777 966; x_wconf 80' lang='lat' dir='ltr'>sponte</span> <span class='ocrx_word' id='word_1_55' title='bbox 1837 888 2211 967; x_wconf 74' lang='lat' dir='ltr'>gliscentem</span> <span class='ocrx_word' id='word_1_56' title='bbox 2269 888 2536 966; x_wconf 86' lang='lat' dir='ltr'>insignis</span> 
     </span>
     <span class='ocr_line' id='line_1_8' title="bbox 439 988 2535 1067; baseline -0.003 -14"><span class='ocrx_word' id='word_1_57' title='bbox 439 991 629 1053; x_wconf 90' lang='lat' dir='ltr'>unius</span> <span class='ocrx_word' id='word_1_58' title='bbox 700 990 1037 1051; x_wconf 89' lang='lat' dir='ltr'>calamitas</span> <span class='ocrx_word' id='word_1_59' title='bbox 1108 988 1421 1051; x_wconf 73' lang='lat' dir='ltr'>accendit.</span> <span class='ocrx_word' id='word_1_60' title='bbox 1515 989 1749 1065; x_wconf 85' lang='lat' dir='ltr'>Magno</span> <span class='ocrx_word' id='word_1_61' title='bbox 1819 994 1981 1049; x_wconf 92' lang='lat' dir='ltr'>natu</span> <span class='ocrx_word' id='word_1_62' title='bbox 2050 988 2318 1067; x_wconf 92' lang='lat' dir='ltr'>quidam</span> <span class='ocrx_word' id='word_1_63' title='bbox 2387 1007 2535 1049; x_wconf 92' lang='lat' dir='ltr'>cum</span> 
     </span>
     <span class='ocr_line' id='line_1_9' title="bbox 438 1087 2532 1166; baseline -0.002 -14"><span class='ocrx_word' id='word_1_64' title='bbox 438 1091 731 1153; x_wconf 89' lang='lat' dir='ltr'>omnium</span> <span class='ocrx_word' id='word_1_65' title='bbox 766 1088 1082 1150; x_wconf 92' lang='lat' dir='ltr'>malorum</span> <span class='ocrx_word' id='word_1_66' title='bbox 1114 1108 1379 1150; x_wconf 92' lang='lat' dir='ltr'>suorum</span> <span class='ocrx_word' id='word_1_67' title='bbox 1412 1087 1771 1166; x_wconf 85' lang='lat' dir='ltr'>insignibus</span> <span class='ocrx_word' id='word_1_68' title='bbox 1801 1108 1868 1149; x_wconf 89' lang='lat' dir='ltr'>se</span> <span class='ocrx_word' id='word_1_69' title='bbox 1901 1088 1967 1149; x_wconf 94' lang='lat' dir='ltr'>in</span> <span class='ocrx_word' id='word_1_70' title='bbox 1998 1087 2211 1149; x_wconf 83' lang='lat' dir='ltr'>forum</span> <span class='ocrx_word' id='word_1_71' title='bbox 2242 1087 2532 1166; x_wconf 91' lang='lat' dir='ltr'>proiecit.</span> 
     </span>
     <span class='ocr_line' id='line_1_10' title="bbox 440 1186 2538 1267; baseline -0.003 -14"><span class='ocrx_word' id='word_1_72' title='bbox 440 1190 673 1253; x_wconf 89' lang='lat' dir='ltr'>Obsita</span> <span class='ocrx_word' id='word_1_73' title='bbox 742 1195 884 1251; x_wconf 88' lang='lat' dir='ltr'>erat</span> <span class='ocrx_word' id='word_1_74' title='bbox 954 1188 1252 1267; x_wconf 88' lang='lat' dir='ltr'>squalore</span> <span class='ocrx_word' id='word_1_75' title='bbox 1325 1188 1545 1263; x_wconf 88' lang='lat' dir='ltr'>vestis,</span> <span class='ocrx_word' id='word_1_76' title='bbox 1600 1187 1848 1249; x_wconf 89' lang='lat' dir='ltr'>foedior</span> <span class='ocrx_word' id='word_1_77' title='bbox 1919 1188 2202 1265; x_wconf 83' lang='lat' dir='ltr'>corporis</span> <span class='ocrx_word' id='word_1_78' title='bbox 2272 1186 2538 1249; x_wconf 91' lang='lat' dir='ltr'>habitus</span> 
     </span>
     <span class='ocr_line' id='line_1_11' title="bbox 437 1286 2540 1369; baseline -0.001 -18"><span class='ocrx_word' id='word_1_79' title='bbox 437 1289 681 1369; x_wconf 92' lang='lat' dir='ltr'>pallore</span> <span class='ocrx_word' id='word_1_80' title='bbox 736 1308 809 1351; x_wconf 92' lang='lat' dir='ltr'>ac</span> <span class='ocrx_word' id='word_1_81' title='bbox 865 1288 1069 1350; x_wconf 90' lang='lat' dir='ltr'>macie</span> <span class='ocrx_word' id='word_1_82' title='bbox 1122 1286 1473 1366; x_wconf 89' lang='lat' dir='ltr'>perempti;</span> <span class='ocrx_word' id='word_1_83' title='bbox 1530 1286 1611 1349; x_wconf 89' lang='lat' dir='ltr'>ad</span> <span class='ocrx_word' id='word_1_84' title='bbox 1668 1287 1788 1348; x_wconf 92' lang='lat' dir='ltr'>hoc</span> <span class='ocrx_word' id='word_1_85' title='bbox 1841 1287 2160 1365; x_wconf 88' lang='lat' dir='ltr'>promissa</span> <span class='ocrx_word' id='word_1_86' title='bbox 2213 1286 2420 1349; x_wconf 89' lang='lat' dir='ltr'>barba</span> <span class='ocrx_word' id='word_1_87' title='bbox 2469 1292 2540 1348; x_wconf 83' lang='lat' dir='ltr'>et</span> 
     </span>
     <span class='ocr_line' id='line_1_12' title="bbox 441 1386 2540 1469; baseline -0.002 -17"><span class='ocrx_word' id='word_1_88' title='bbox 441 1390 674 1469; x_wconf 89' lang='lat' dir='ltr'>capilla</span> <span class='ocrx_word' id='word_1_89' title='bbox 736 1389 1169 1451; x_wconf 82' lang='lat' dir='ltr'>efferaverant</span> <span class='ocrx_word' id='word_1_90' title='bbox 1226 1388 1506 1466; x_wconf 89' lang='lat' dir='ltr'>speciem</span> <span class='ocrx_word' id='word_1_91' title='bbox 1581 1386 1726 1449; x_wconf 92' lang='lat' dir='ltr'>oris.</span> <span class='ocrx_word' id='word_1_92' title='bbox 1813 1387 2279 1449; x_wconf 88' lang='lat' dir='ltr'>Noscitabatur</span> <span class='ocrx_word' id='word_1_93' title='bbox 2314 1393 2540 1449; x_wconf 92' lang='lat' dir='ltr'>tamen</span> 
     </span>
     <span class='ocr_line' id='line_1_13' title="bbox 440 1485 2542 1565; baseline -0.001 -16"><span class='ocrx_word' id='word_1_94' title='bbox 440 1488 508 1551; x_wconf 91' lang='lat' dir='ltr'>in</span> <span class='ocrx_word' id='word_1_95' title='bbox 546 1495 739 1552; x_wconf 88' lang='lat' dir='ltr'>tanta</span> <span class='ocrx_word' id='word_1_96' title='bbox 775 1487 1211 1561; x_wconf 85' lang='lat' dir='ltr'>deformitate,</span> <span class='ocrx_word' id='word_1_97' title='bbox 1252 1494 1321 1549; x_wconf 90' lang='lat' dir='ltr'>et</span> <span class='ocrx_word' id='word_1_98' title='bbox 1358 1485 1616 1549; x_wconf 87' lang='lat' dir='ltr'>ordines</span> <span class='ocrx_word' id='word_1_99' title='bbox 1655 1486 1916 1548; x_wconf 86' lang='lat' dir='ltr'>duxisse</span> <span class='ocrx_word' id='word_1_100' title='bbox 1957 1486 2240 1561; x_wconf 86' lang='lat' dir='ltr'>aiebant,</span> <span class='ocrx_word' id='word_1_101' title='bbox 2284 1485 2542 1565; x_wconf 90' lang='lat' dir='ltr'>aliaque</span> 
     </span>
     <span class='ocr_line' id='line_1_14' title="bbox 442 1584 2542 1665; baseline -0 -17"><span class='ocrx_word' id='word_1_102' title='bbox 442 1588 711 1650; x_wconf 90' lang='lat' dir='ltr'>militiae</span> <span class='ocrx_word' id='word_1_103' title='bbox 772 1587 1006 1649; x_wconf 89' lang='lat' dir='ltr'>decora</span> <span class='ocrx_word' id='word_1_104' title='bbox 1067 1586 1261 1665; x_wconf 87' lang='lat' dir='ltr'>vulgo</span> <span class='ocrx_word' id='word_1_105' title='bbox 1323 1586 1705 1649; x_wconf 89' lang='lat' dir='ltr'>miserantes</span> <span class='ocrx_word' id='word_1_106' title='bbox 1765 1606 1916 1647; x_wconf 90' lang='lat' dir='ltr'>eum</span> <span class='ocrx_word' id='word_1_107' title='bbox 1975 1585 2344 1663; x_wconf 89' lang='lat' dir='ltr'>iactabant;</span> <span class='ocrx_word' id='word_1_108' title='bbox 2403 1584 2542 1665; x_wconf 90' lang='lat' dir='ltr'>ipse</span> 
     </span>
     <span class='ocr_line' id='line_1_15' title="bbox 441 1685 2543 1765; baseline -0 -15"><span class='ocrx_word' id='word_1_109' title='bbox 441 1694 641 1751; x_wconf 89' lang='lat' dir='ltr'>testes</span> <span class='ocrx_word' id='word_1_110' title='bbox 716 1687 1139 1750; x_wconf 90' lang='lat' dir='ltr'>honestarum</span> <span class='ocrx_word' id='word_1_111' title='bbox 1216 1685 1464 1765; x_wconf 90' lang='lat' dir='ltr'>aliquot</span> <span class='ocrx_word' id='word_1_112' title='bbox 1542 1686 1695 1749; x_wconf 92' lang='lat' dir='ltr'>locis</span> <span class='ocrx_word' id='word_1_113' title='bbox 1768 1704 2138 1765; x_wconf 86' lang='lat' dir='ltr'>pugnarum</span> <span class='ocrx_word' id='word_1_114' title='bbox 2213 1686 2543 1749; x_wconf 87' lang='lat' dir='ltr'>cicatrices</span> 
     </span>
     <span class='ocr_line' id='line_1_16' title="bbox 442 1784 2544 1866; baseline -0 -18"><span class='ocrx_word' id='word_1_115' title='bbox 442 1787 713 1851; x_wconf 90' lang='lat' dir='ltr'>adverso</span> <span class='ocrx_word' id='word_1_116' title='bbox 787 1795 1048 1866; x_wconf 90' lang='lat' dir='ltr'>pectore</span> <span class='ocrx_word' id='word_1_117' title='bbox 1119 1786 1524 1849; x_wconf 91' lang='lat' dir='ltr'>ostentabat.</span> <span class='ocrx_word' id='word_1_118' title='bbox 1616 1784 2131 1862; x_wconf 73' lang='lat' dir='ltr'>sciscitantibus,</span> <span class='ocrx_word' id='word_1_119' title='bbox 2194 1786 2366 1848; x_wconf 90' lang='lat' dir='ltr'>unde</span> <span class='ocrx_word' id='word_1_120' title='bbox 2436 1784 2544 1847; x_wconf 90' lang='lat' dir='ltr'>ille</span> 
     </span>
     <span class='ocr_line' id='line_1_17' title="bbox 442 1885 2543 1962; baseline 0.001 -15"><span class='ocrx_word' id='word_1_121' title='bbox 442 1886 727 1962; x_wconf 91' lang='lat' dir='ltr'>habitus,</span> <span class='ocrx_word' id='word_1_122' title='bbox 786 1886 958 1948; x_wconf 93' lang='lat' dir='ltr'>unde</span> <span class='ocrx_word' id='word_1_123' title='bbox 1014 1886 1413 1960; x_wconf 85' lang='lat' dir='ltr'>deformitas,</span> <span class='ocrx_word' id='word_1_124' title='bbox 1474 1906 1622 1947; x_wconf 91' lang='lat' dir='ltr'>cum</span> <span class='ocrx_word' id='word_1_125' title='bbox 1679 1885 2070 1949; x_wconf 89' lang='lat' dir='ltr'>circumfusa</span> <span class='ocrx_word' id='word_1_126' title='bbox 2122 1886 2321 1949; x_wconf 88' lang='lat' dir='ltr'>turba</span> <span class='ocrx_word' id='word_1_127' title='bbox 2372 1894 2543 1949; x_wconf 90' lang='lat' dir='ltr'>esset</span> 
     </span>
     <span class='ocr_line' id='line_1_18' title="bbox 440 1984 2544 2066; baseline 0 -19"><span class='ocrx_word' id='word_1_128' title='bbox 440 2007 641 2066; x_wconf 88' lang='lat' dir='ltr'>prope</span> <span class='ocrx_word' id='word_1_129' title='bbox 685 1990 754 2049; x_wconf 91' lang='lat' dir='ltr'>in</span> <span class='ocrx_word' id='word_1_130' title='bbox 799 1986 1119 2049; x_wconf 90' lang='lat' dir='ltr'>contionis</span> <span class='ocrx_word' id='word_1_131' title='bbox 1166 1986 1454 2061; x_wconf 91' lang='lat' dir='ltr'>modum,</span> <span class='ocrx_word' id='word_1_132' title='bbox 1505 1985 1745 2047; x_wconf 86' lang='lat' dir='ltr'>Sabino</span> <span class='ocrx_word' id='word_1_133' title='bbox 1792 1985 1959 2048; x_wconf 91' lang='lat' dir='ltr'>bello</span> <span class='ocrx_word' id='word_1_134' title='bbox 2007 1986 2098 2048; x_wconf 93' lang='lat' dir='ltr'>ait</span> <span class='ocrx_word' id='word_1_135' title='bbox 2141 2006 2209 2048; x_wconf 90' lang='lat' dir='ltr'>se</span> <span class='ocrx_word' id='word_1_136' title='bbox 2255 1984 2544 2048; x_wconf 90' lang='lat' dir='ltr'>militan-</span> 
     </span>
     <span class='ocr_line' id='line_1_19' title="bbox 441 2085 2541 2166; baseline -0.001 -17"><span class='ocrx_word' id='word_1_137' title='bbox 441 2093 596 2163; x_wconf 90' lang='lat' dir='ltr'>tem,</span> <span class='ocrx_word' id='word_1_138' title='bbox 656 2086 811 2166; x_wconf 91' lang='lat' dir='ltr'>quia</span> <span class='ocrx_word' id='word_1_139' title='bbox 862 2095 1130 2166; x_wconf 91' lang='lat' dir='ltr'>propter</span> <span class='ocrx_word' id='word_1_140' title='bbox 1182 2085 1638 2165; x_wconf 89' lang='lat' dir='ltr'>populationes</span> <span class='ocrx_word' id='word_1_141' title='bbox 1695 2085 1829 2163; x_wconf 84' lang='lat' dir='ltr'>agri</span> <span class='ocrx_word' id='word_1_142' title='bbox 1883 2106 2015 2147; x_wconf 93' lang='lat' dir='ltr'>non</span> <span class='ocrx_word' id='word_1_143' title='bbox 2069 2086 2288 2148; x_wconf 89' lang='lat' dir='ltr'>fructu</span> <span class='ocrx_word' id='word_1_144' title='bbox 2345 2085 2541 2147; x_wconf 92' lang='lat' dir='ltr'>modo</span> 
     </span>
     <span class='ocr_line' id='line_1_20' title="bbox 442 2184 2544 2265; baseline -0 -18"><span class='ocrx_word' id='word_1_145' title='bbox 442 2187 739 2263; x_wconf 90' lang='lat' dir='ltr'>caruerit,</span> <span class='ocrx_word' id='word_1_146' title='bbox 787 2186 899 2249; x_wconf 93' lang='lat' dir='ltr'>sed</span> <span class='ocrx_word' id='word_1_147' title='bbox 948 2187 1103 2250; x_wconf 87' lang='lat' dir='ltr'>villa</span> <span class='ocrx_word' id='word_1_148' title='bbox 1145 2187 1409 2249; x_wconf 92' lang='lat' dir='ltr'>incensa</span> <span class='ocrx_word' id='word_1_149' title='bbox 1454 2186 1668 2260; x_wconf 87' lang='lat' dir='ltr'>fuerit,</span> <span class='ocrx_word' id='word_1_150' title='bbox 1717 2184 1976 2265; x_wconf 88' lang='lat' dir='ltr'>direpta</span> <span class='ocrx_word' id='word_1_151' title='bbox 2018 2187 2257 2261; x_wconf 91' lang='lat' dir='ltr'>omnia,</span> <span class='ocrx_word' id='word_1_152' title='bbox 2304 2205 2544 2264; x_wconf 89' lang='lat' dir='ltr'>pecora</span> 
     </span>
     <span class='ocr_line' id='line_1_21' title="bbox 442 2285 2544 2366; baseline -0 -17"><span class='ocrx_word' id='word_1_153' title='bbox 442 2286 697 2363; x_wconf 90' lang='lat' dir='ltr'>abacta,</span> <span class='ocrx_word' id='word_1_154' title='bbox 760 2286 1085 2350; x_wconf 90' lang='lat' dir='ltr'>tributum</span> <span class='ocrx_word' id='word_1_155' title='bbox 1144 2287 1368 2366; x_wconf 92' lang='lat' dir='ltr'>iniquo</span> <span class='ocrx_word' id='word_1_156' title='bbox 1426 2306 1544 2348; x_wconf 90' lang='lat' dir='ltr'>suo</span> <span class='ocrx_word' id='word_1_157' title='bbox 1604 2291 1897 2365; x_wconf 89' lang='lat' dir='ltr'>tempore</span> <span class='ocrx_word' id='word_1_158' title='bbox 1955 2285 2370 2364; x_wconf 90' lang='lat' dir='ltr'>imperatum,</span> <span class='ocrx_word' id='word_1_159' title='bbox 2435 2305 2544 2348; x_wconf 91' lang='lat' dir='ltr'>aes</span> 
     </span>
     <span class='ocr_line' id='line_1_22' title="bbox 443 2385 2542 2465; baseline -0.002 -16"><span class='ocrx_word' id='word_1_160' title='bbox 443 2386 725 2449; x_wconf 85' lang='lat' dir='ltr'>alienum</span> <span class='ocrx_word' id='word_1_161' title='bbox 786 2387 1029 2449; x_wconf 85' lang='lat' dir='ltr'>fecisse.</span> <span class='ocrx_word' id='word_1_162' title='bbox 1121 2385 1199 2447; x_wconf 94' lang='lat' dir='ltr'>Id</span> <span class='ocrx_word' id='word_1_163' title='bbox 1250 2385 1658 2447; x_wconf 89' lang='lat' dir='ltr'>cumulatum</span> <span class='ocrx_word' id='word_1_164' title='bbox 1720 2386 1930 2448; x_wconf 92' lang='lat' dir='ltr'>usuris</span> <span class='ocrx_word' id='word_1_165' title='bbox 1989 2385 2198 2465; x_wconf 89' lang='lat' dir='ltr'>primo</span> <span class='ocrx_word' id='word_1_166' title='bbox 2259 2405 2327 2448; x_wconf 85' lang='lat' dir='ltr'>se</span> <span class='ocrx_word' id='word_1_167' title='bbox 2388 2406 2542 2464; x_wconf 86' lang='lat' dir='ltr'>agro</span> 
     </span>
     <span class='ocr_line' id='line_1_23' title="bbox 440 2484 2544 2565; baseline -0 -17"><span class='ocrx_word' id='word_1_168' title='bbox 440 2493 714 2565; x_wconf 89' lang='lat' dir='ltr'>paterno</span> <span class='ocrx_word' id='word_1_169' title='bbox 787 2485 1097 2565; x_wconf 87' lang='lat' dir='ltr'>avitoque</span> <span class='ocrx_word' id='word_1_170' title='bbox 1166 2485 1438 2561; x_wconf 87' lang='lat' dir='ltr'>exuisse,</span> <span class='ocrx_word' id='word_1_171' title='bbox 1513 2484 1745 2546; x_wconf 89' lang='lat' dir='ltr'>deinde</span> <span class='ocrx_word' id='word_1_172' title='bbox 1815 2485 2096 2548; x_wconf 85' lang='lat' dir='ltr'>fortunis</span> <span class='ocrx_word' id='word_1_173' title='bbox 2165 2486 2323 2562; x_wconf 91' lang='lat' dir='ltr'>aliis,</span> <span class='ocrx_word' id='word_1_174' title='bbox 2396 2506 2544 2564; x_wconf 90' lang='lat' dir='ltr'>pos-</span> 
     </span>
     <span class='ocr_line' id='line_1_24' title="bbox 441 2584 2542 2664; baseline -0.001 -15"><span class='ocrx_word' id='word_1_175' title='bbox 441 2605 650 2649; x_wconf 78' lang='lat' dir='ltr'>tremo</span> <span class='ocrx_word' id='word_1_176' title='bbox 713 2585 892 2648; x_wconf 88' lang='lat' dir='ltr'>velut</span> <span class='ocrx_word' id='word_1_177' title='bbox 956 2585 1178 2648; x_wconf 88' lang='lat' dir='ltr'>tabem</span> <span class='ocrx_word' id='word_1_178' title='bbox 1240 2584 1608 2664; x_wconf 87' lang='lat' dir='ltr'>pervenisse</span> <span class='ocrx_word' id='word_1_179' title='bbox 1671 2584 1753 2647; x_wconf 93' lang='lat' dir='ltr'>ad</span> <span class='ocrx_word' id='word_1_180' title='bbox 1817 2604 2050 2664; x_wconf 90' lang='lat' dir='ltr'>corpus</span> <span class='ocrx_word' id='word_1_181' title='bbox 2061 2606 2078 2661; x_wconf 87' lang='lat'>;</span> <span class='ocrx_word' id='word_1_182' title='bbox 2138 2585 2411 2648; x_wconf 89' lang='lat' dir='ltr'>ductum</span> <span class='ocrx_word' id='word_1_183' title='bbox 2473 2605 2542 2647; x_wconf 90' lang='lat' dir='ltr'>se</span> 
     </span>
     <span class='ocr_line' id='line_1_25' title="bbox 442 2685 2542 2763; baseline -0.001 -15"><span class='ocrx_word' id='word_1_184' title='bbox 442 2685 526 2748; x_wconf 89' lang='lat' dir='ltr'>ab</span> <span class='ocrx_word' id='word_1_185' title='bbox 589 2686 903 2748; x_wconf 89' lang='lat' dir='ltr'>creditore</span> <span class='ocrx_word' id='word_1_186' title='bbox 965 2707 1097 2747; x_wconf 94' lang='lat' dir='ltr'>non</span> <span class='ocrx_word' id='word_1_187' title='bbox 1158 2685 1225 2747; x_wconf 92' lang='lat' dir='ltr'>in</span> <span class='ocrx_word' id='word_1_188' title='bbox 1286 2685 1670 2760; x_wconf 85' lang='lat' dir='ltr'>servitium,-</span> <span class='ocrx_word' id='word_1_189' title='bbox 1711 2685 1822 2746; x_wconf 91' lang='lat' dir='ltr'>sed</span> <span class='ocrx_word' id='word_1_190' title='bbox 1885 2685 1954 2746; x_wconf 94' lang='lat' dir='ltr'>in</span> <span class='ocrx_word' id='word_1_191' title='bbox 2013 2685 2413 2763; x_wconf 87' lang='lat' dir='ltr'>ergastulum</span> <span class='ocrx_word' id='word_1_192' title='bbox 2473 2692 2542 2746; x_wconf 91' lang='lat' dir='ltr'>et</span> 
     </span>
     <span class='ocr_line' id='line_1_26' title="bbox 442 2784 2543 2862; baseline -0 -16"><span class='ocrx_word' id='word_1_193' title='bbox 442 2786 879 2848; x_wconf 90' lang='lat' dir='ltr'>carnificinam</span> <span class='ocrx_word' id='word_1_194' title='bbox 908 2806 1062 2848; x_wconf 89' lang='lat' dir='ltr'>esse.</span> <span class='ocrx_word' id='word_1_195' title='bbox 1156 2785 1317 2846; x_wconf 89' lang='lat' dir='ltr'>Inde</span> <span class='ocrx_word' id='word_1_196' title='bbox 1356 2792 1688 2846; x_wconf 89' lang='lat' dir='ltr'>ostentare</span> <span class='ocrx_word' id='word_1_197' title='bbox 1727 2790 1982 2862; x_wconf 85' lang='lat' dir='ltr'>tergum</span> <span class='ocrx_word' id='word_1_198' title='bbox 2023 2784 2286 2847; x_wconf 87' lang='lat' dir='ltr'>foedum</span> <span class='ocrx_word' id='word_1_199' title='bbox 2325 2804 2543 2845; x_wconf 89' lang='lat' dir='ltr'>recen-</span> 
     </span>
     <span class='ocr_line' id='line_1_27' title="bbox 441 2883 2544 2963; baseline -0.001 -16"><span class='ocrx_word' id='word_1_200' title='bbox 441 2884 617 2947; x_wconf 86' lang='lat' dir='ltr'>tibus</span> <span class='ocrx_word' id='word_1_201' title='bbox 646 2885 931 2963; x_wconf 80' lang='lat' dir='ltr'>vestigiis</span> <span class='ocrx_word' id='word_1_202' title='bbox 962 2885 1322 2946; x_wconf 90' lang='lat' dir='ltr'>verberum.</span> <span class='ocrx_word' id='word_1_203' title='bbox 1415 2883 1516 2945; x_wconf 94' lang='lat' dir='ltr'>Ad</span> <span class='ocrx_word' id='word_1_204' title='bbox 1550 2885 1706 2946; x_wconf 90' lang='lat' dir='ltr'>haec</span> <span class='ocrx_word' id='word_1_205' title='bbox 1737 2884 1877 2946; x_wconf 87' lang='lat' dir='ltr'>visa</span> <span class='ocrx_word' id='word_1_206' title='bbox 1910 2884 2266 2963; x_wconf 90' lang='lat' dir='ltr'>auditaque</span> <span class='ocrx_word' id='word_1_207' title='bbox 2299 2884 2544 2945; x_wconf 90' lang='lat' dir='ltr'>clamor</span> 
     </span>
     <span class='ocr_line' id='line_1_28' title="bbox 440 2983 2540 3062; baseline 0 -18"><span class='ocrx_word' id='word_1_208' title='bbox 440 2985 664 3062; x_wconf 78' lang='lat' dir='ltr'>ingens</span> <span class='ocrx_word' id='word_1_209' title='bbox 711 2985 933 3047; x_wconf 89' lang='lat' dir='ltr'>oritur.</span> <span class='ocrx_word' id='word_1_210' title='bbox 1026 2985 1173 3045; x_wconf 89' lang='lat' dir='ltr'>Non</span> <span class='ocrx_word' id='word_1_211' title='bbox 1222 2985 1351 3046; x_wconf 91' lang='lat' dir='ltr'>iam</span> <span class='ocrx_word' id='word_1_212' title='bbox 1401 2984 1541 3046; x_wconf 90' lang='lat' dir='ltr'>foro</span> <span class='ocrx_word' id='word_1_213' title='bbox 1589 3004 1654 3046; x_wconf 89' lang='lat' dir='ltr'>se</span> <span class='ocrx_word' id='word_1_214' title='bbox 1703 2985 2028 3046; x_wconf 92' lang='lat' dir='ltr'>tumultus</span> <span class='ocrx_word' id='word_1_215' title='bbox 2076 2983 2388 3058; x_wconf 91' lang='lat' dir='ltr'>continet,</span> <span class='ocrx_word' id='word_1_216' title='bbox 2427 2983 2540 3045; x_wconf 89' lang='lat' dir='ltr'>sed</span> 
     </span>
     <span class='ocr_line' id='line_1_29' title="bbox 1544 3133 2540 3178; baseline 0 -1"><span class='ocrx_word' id='word_1_217' title='bbox 1544 3135 1613 3177; x_wconf 86' lang='lat' dir='ltr'>Cf.</span> <span class='ocrx_word' id='word_1_218' title='bbox 1666 3135 1710 3178; x_wconf 89' lang='lat'>5.</span> <span class='ocrx_word' id='word_1_219' title='bbox 1758 3135 1833 3177; x_wconf 88' lang='grc'>41.</span> <span class='ocrx_word' id='word_1_220' title='bbox 1871 3135 1916 3178; x_wconf 91' lang='grc'>9.</span> <span class='ocrx_word' id='word_1_221' title='bbox 2018 3133 2228 3178; x_wconf 87' lang='lat' dir='ltr'>Barbers</span> <span class='ocrx_word' id='word_1_222' title='bbox 2276 3143 2402 3177; x_wconf 83' lang='lat' dir='ltr'>were</span> <span class='ocrx_word' id='word_1_223' title='bbox 2451 3138 2540 3177; x_wconf 86' lang='lat' dir='ltr'>not</span> 
     </span>
    </p>
   </div>
   <div class='ocr_carea' id='block_1_2' title="bbox 1541 3202 2540 3313">
    <p class='ocr_par' dir='ltr' id='par_1_2' title="bbox 1541 3202 2540 3313">
     <span class='ocr_line' id='line_1_30' title="bbox 1541 3202 2540 3246; baseline 0.001 -1"><span class='ocrx_word' id='word_1_224' title='bbox 1541 3202 1830 3245; x_wconf 86' lang='lat' dir='ltr'>introduced</span> <span class='ocrx_word' id='word_1_225' title='bbox 1885 3206 1937 3244; x_wconf 85' lang='lat' dir='ltr'>at</span> <span class='ocrx_word' id='word_1_226' title='bbox 1993 3202 2151 3244; x_wconf 88' lang='lat' dir='ltr'>Rome</span> <span class='ocrx_word' id='word_1_227' title='bbox 2205 3203 2330 3245; x_wconf 84' lang='lat' dir='ltr'>until</span> <span class='ocrx_word' id='word_1_228' title='bbox 2385 3202 2540 3246; x_wconf 82' lang='lat' dir='ltr'>about</span> 
     </span>
     <span class='ocr_line' id='line_1_31' title="bbox 1542 3269 2538 3313; baseline 0.001 -2"><span class='ocrx_word' id='word_1_229' title='bbox 1542 3271 1633 3312; x_wconf 89' lang='grc'>300</span> <span class='ocrx_word' id='word_1_230' title='bbox 1682 3282 1729 3312; x_wconf 77' lang='grc' dir='ltr'>Β.</span> <span class='ocrx_word' id='word_1_231' title='bbox 1781 3281 1826 3312; x_wconf 79' lang='grc' dir='ltr'>ο.</span> <span class='ocrx_word' id='word_1_232' title='bbox 1910 3269 2129 3313; x_wconf 70' lang='lat' dir='ltr'>ordines</span> <span class='ocrx_word' id='word_1_233' title='bbox 2178 3269 2422 3312; x_wconf 70' lang='lat' dir='ltr'>duxisse:</span> <span class='ocrx_word' id='word_1_234' title='bbox 2471 3280 2538 3312; x_wconf 89' lang='lat' dir='ltr'>sc.</span> 
     </span>
    </p>
   </div>
   <div class='ocr_carea' id='block_1_3' title="bbox 442 3133 1443 3321">
    <p class='ocr_par' dir='ltr' id='par_1_3' title="bbox 442 3133 1443 3321">
     <span class='ocr_line' id='line_1_32' title="bbox 444 3133 1438 3186; baseline -0.002 -8"><span class='ocrx_word' id='word_1_235' title='bbox 444 3134 738 3186; x_wconf 82' lang='lat' dir='ltr'>technically</span> <span class='ocrx_word' id='word_1_236' title='bbox 760 3135 918 3178; x_wconf 87' lang='lat' dir='ltr'>slaves</span> <span class='ocrx_word' id='word_1_237' title='bbox 941 3135 1015 3177; x_wconf 84' lang='lat' dir='ltr'>for</span> <span class='ocrx_word' id='word_1_238' title='bbox 1038 3133 1171 3183; x_wconf 78' lang='lat' dir='ltr'>debt.</span> <span class='ocrx_word' id='word_1_239' title='bbox 1197 3145 1251 3177; x_wconf 90' lang='lat' dir='ltr'>or</span> <span class='ocrx_word' id='word_1_240' title='bbox 1273 3145 1438 3186; x_wconf 83' lang='lat' dir='ltr'>peons‚</span> 
     </span>
     <span class='ocr_line' id='line_1_33' title="bbox 442 3203 1443 3254; baseline -0.001 -9"><span class='ocrx_word' id='word_1_241' title='bbox 442 3205 553 3245; x_wconf 89' lang='lat' dir='ltr'>who</span> <span class='ocrx_word' id='word_1_242' title='bbox 590 3214 719 3246; x_wconf 84' lang='lat' dir='ltr'>were</span> <span class='ocrx_word' id='word_1_243' title='bbox 759 3203 1097 3254; x_wconf 86' lang='lat' dir='ltr'>theoretically</span> <span class='ocrx_word' id='word_1_244' title='bbox 1139 3203 1239 3246; x_wconf 86' lang='lat' dir='ltr'>free</span> <span class='ocrx_word' id='word_1_245' title='bbox 1279 3203 1443 3245; x_wconf 86' lang='lat' dir='ltr'>other-</span> 
     </span>
     <span class='ocr_line' id='line_1_34' title="bbox 444 3269 1443 3321; baseline -0.001 -9"><span class='ocrx_word' id='word_1_246' title='bbox 444 3271 575 3318; x_wconf 89' lang='lat' dir='ltr'>wise:</span> <span class='ocrx_word' id='word_1_247' title='bbox 602 3270 781 3321; x_wconf 85' lang='lat' dir='ltr'>wholly</span> <span class='ocrx_word' id='word_1_248' title='bbox 804 3281 871 3321; x_wconf 88' lang='lat' dir='ltr'>SO,</span> <span class='ocrx_word' id='word_1_249' title='bbox 897 3271 935 3313; x_wconf 86' lang='lat' dir='ltr'>if</span> <span class='ocrx_word' id='word_1_250' title='bbox 960 3271 1045 3312; x_wconf 84' lang='lat' dir='ltr'>the</span> <span class='ocrx_word' id='word_1_251' title='bbox 1071 3270 1189 3312; x_wconf 85' lang='lat' dir='ltr'>debt</span> <span class='ocrx_word' id='word_1_252' title='bbox 1214 3269 1357 3312; x_wconf 87' lang='lat' dir='ltr'>could</span> <span class='ocrx_word' id='word_1_253' title='bbox 1382 3270 1443 3311; x_wconf 91' lang='lat' dir='ltr'>be</span> 
     </span>
    </p>
   </div>
   <div class='ocr_carea' id='block_1_4' title="bbox 440 3337 1442 3854">
    <p class='ocr_par' dir='ltr' id='par_1_4' title="bbox 441 3337 1442 3586">
     <span class='ocr_line' id='line_1_35' title="bbox 443 3337 1441 3388; baseline 0 -10"><span class='ocrx_word' id='word_1_254' title='bbox 443 3337 573 3388; x_wconf 86' lang='lat' dir='ltr'>paid,</span> <span class='ocrx_word' id='word_1_255' title='bbox 626 3341 713 3379; x_wconf 82' lang='lat' dir='ltr'>but</span> <span class='ocrx_word' id='word_1_256' title='bbox 762 3337 899 3379; x_wconf 88' lang='lat' dir='ltr'>there</span> <span class='ocrx_word' id='word_1_257' title='bbox 943 3348 1043 3378; x_wconf 87' lang='lat' dir='ltr'>was</span> <span class='ocrx_word' id='word_1_258' title='bbox 1087 3337 1220 3386; x_wconf 83' lang='lat' dir='ltr'>large</span> <span class='ocrx_word' id='word_1_259' title='bbox 1265 3347 1441 3388; x_wconf 88' lang='lat' dir='ltr'>oppor-</span> 
     </span>
     <span class='ocr_line' id='line_1_36' title="bbox 442 3403 1439 3454; baseline -0.001 -8"><span class='ocrx_word' id='word_1_260' title='bbox 442 3404 611 3454; x_wconf 85' lang='lat' dir='ltr'>tunity</span> <span class='ocrx_word' id='word_1_261' title='bbox 656 3404 732 3446; x_wconf 86' lang='lat' dir='ltr'>for</span> <span class='ocrx_word' id='word_1_262' title='bbox 778 3403 941 3446; x_wconf 86' lang='lat' dir='ltr'>abuse.</span> <span class='ocrx_word' id='word_1_263' title='bbox 1024 3412 1114 3445; x_wconf 76' lang='lat' dir='ltr'>aes</span> <span class='ocrx_word' id='word_1_264' title='bbox 1163 3403 1439 3446; x_wconf 75' lang='lat' dir='ltr'>alienum:</span> 
     </span>
     <span class='ocr_line' id='line_1_37' title="bbox 446 3470 1442 3520; baseline 0 -9"><span class='ocrx_word' id='word_1_265' title='bbox 446 3470 660 3517; x_wconf 84' lang='lat' dir='ltr'>“debt;&#39;’</span> <span class='ocrx_word' id='word_1_266' title='bbox 708 3470 793 3512; x_wconf 85' lang='lat' dir='ltr'>the</span> <span class='ocrx_word' id='word_1_267' title='bbox 840 3470 986 3512; x_wconf 86' lang='lat' dir='ltr'>Latin</span> <span class='ocrx_word' id='word_1_268' title='bbox 1033 3470 1209 3520; x_wconf 85' lang='lat' dir='ltr'>phrase</span> <span class='ocrx_word' id='word_1_269' title='bbox 1254 3470 1295 3511; x_wconf 88' lang='lat' dir='ltr'>is</span> <span class='ocrx_word' id='word_1_270' title='bbox 1343 3471 1442 3520; x_wconf 86' lang='lat' dir='ltr'>pic-</span> 
     </span>
     <span class='ocr_line' id='line_1_38' title="bbox 441 3542 685 3586; baseline 0 -6"><span class='ocrx_word' id='word_1_271' title='bbox 441 3542 685 3586; x_wconf 82' lang='lat' dir='ltr'>turesque.</span> 
     </span>
    </p>

    <p class='ocr_par' dir='ltr' id='par_1_5' title="bbox 440 3603 1439 3714">
     <span class='ocr_line' id='line_1_39' title="bbox 503 3603 1439 3655; baseline 0 -9"><span class='ocrx_word' id='word_1_272' title='bbox 503 3606 551 3646; x_wconf 81' lang='lat'>2.</span> <span class='ocrx_word' id='word_1_273' title='bbox 585 3604 974 3655; x_wconf 64' lang='lat' dir='ltr'>invidiamque</span> <span class='ocrx_word' id='word_1_274' title='bbox 1004 3612 1155 3646; x_wconf 72' lang='lat' dir='ltr'>eamz</span> <span class='ocrx_word' id='word_1_275' title='bbox 1188 3603 1314 3646; x_wconf 83' lang='lat' dir='ltr'>“the</span> <span class='ocrx_word' id='word_1_276' title='bbox 1343 3603 1439 3646; x_wconf 86' lang='lat' dir='ltr'>bit-</span> 
     </span>
     <span class='ocr_line' id='line_1_40' title="bbox 440 3670 943 3714; baseline -0.002 -1"><span class='ocrx_word' id='word_1_277' title='bbox 440 3675 625 3713; x_wconf 84' lang='lat' dir='ltr'>terness</span> <span class='ocrx_word' id='word_1_278' title='bbox 652 3681 770 3714; x_wconf 88' lang='lat' dir='ltr'>over</span> <span class='ocrx_word' id='word_1_279' title='bbox 798 3670 943 3713; x_wconf 84' lang='lat' dir='ltr'>this.”</span> 
     </span>
    </p>

    <p class='ocr_par' dir='ltr' id='par_1_6' title="bbox 440 3738 1439 3854">
     <span class='ocr_line' id='line_1_41' title="bbox 501 3738 1439 3788; baseline 0 -8"><span class='ocrx_word' id='word_1_280' title='bbox 501 3739 551 3780; x_wconf 77' lang='lat'>4.</span> <span class='ocrx_word' id='word_1_281' title='bbox 586 3738 656 3782; x_wconf 79' lang='lat' dir='ltr'>ad</span> <span class='ocrx_word' id='word_1_282' title='bbox 724 3739 853 3781; x_wconf 81' lang='lat' dir='ltr'>hoc:</span> <span class='ocrx_word' id='word_1_283' title='bbox 893 3756 935 3770; x_wconf 85' lang='lat'>==</span> <span class='ocrx_word' id='word_1_284' title='bbox 977 3739 1226 3788; x_wconf 80' lang='lat' dir='ltr'>praeterea.</span> <span class='ocrx_word' id='word_1_285' title='bbox 1319 3746 1439 3788; x_wconf 74' lang='lat' dir='ltr'>pro-</span> 
     </span>
     <span class='ocr_line' id='line_1_42' title="bbox 440 3803 1435 3854; baseline -0.003 -6"><span class='ocrx_word' id='word_1_286' title='bbox 440 3805 611 3852; x_wconf 72' lang='lat' dir='ltr'>missa</span> <span class='ocrx_word' id='word_1_287' title='bbox 626 3804 822 3852; x_wconf 71' lang='lat' dir='ltr'>barba:</span> <span class='ocrx_word' id='word_1_288' title='bbox 855 3805 933 3851; x_wconf 56' lang='lat' dir='ltr'>Le·</span> <span class='ocrx_word' id='word_1_289' title='bbox 948 3804 1114 3854; x_wconf 87' lang='lat' dir='ltr'>longer</span> <span class='ocrx_word' id='word_1_290' title='bbox 1131 3804 1253 3846; x_wconf 84' lang='lat' dir='ltr'>than</span> <span class='ocrx_word' id='word_1_291' title='bbox 1280 3803 1435 3849; x_wconf 83' lang='lat' dir='ltr'>usual.</span> 
     </span>
    </p>
   </div>
   <div class='ocr_carea' id='block_1_5' title="bbox 1536 3336 2541 3854">
    <p class='ocr_par' dir='ltr' id='par_1_7' title="bbox 1540 3336 2541 3519">
     <span class='ocr_line' id='line_1_43' title="bbox 1541 3336 2540 3383; baseline 0.002 -6"><span class='ocrx_word' id='word_1_292' title='bbox 1541 3347 1668 3383; x_wconf 83' lang='lat' dir='ltr'>eum:</span> <span class='ocrx_word' id='word_1_293' title='bbox 1694 3337 1770 3378; x_wconf 90' lang='lat' dir='ltr'>i.e.</span> <span class='ocrx_word' id='word_1_294' title='bbox 1799 3347 1898 3378; x_wconf 85' lang='lat' dir='ltr'>was</span> <span class='ocrx_word' id='word_1_295' title='bbox 1926 3348 1955 3378; x_wconf 86' lang='lat' dir='ltr'>a</span> <span class='ocrx_word' id='word_1_296' title='bbox 1982 3336 2253 3378; x_wconf 84' lang='lat' dir='ltr'>centurion.</span> <span class='ocrx_word' id='word_1_297' title='bbox 2307 3336 2540 3379; x_wconf 75' lang='lat' dir='ltr'>adverso</span> 
     </span>
     <span class='ocr_line' id='line_1_44' title="bbox 1540 3402 2541 3453; baseline 0 -9"><span class='ocrx_word' id='word_1_298' title='bbox 1540 3403 1785 3453; x_wconf 75' lang='lat' dir='ltr'>pectore:</span> <span class='ocrx_word' id='word_1_299' title='bbox 1824 3403 2044 3453; x_wconf 86' lang='lat' dir='ltr'>showing</span> <span class='ocrx_word' id='word_1_300' title='bbox 2081 3403 2193 3445; x_wconf 84' lang='lat' dir='ltr'>that</span> <span class='ocrx_word' id='word_1_301' title='bbox 2232 3402 2296 3444; x_wconf 87' lang='lat' dir='ltr'>he</span> <span class='ocrx_word' id='word_1_302' title='bbox 2333 3402 2431 3445; x_wconf 85' lang='lat' dir='ltr'>had</span> <span class='ocrx_word' id='word_1_303' title='bbox 2471 3403 2541 3444; x_wconf 87' lang='lat' dir='ltr'>al-</span> 
     </span>
     <span class='ocr_line' id='line_1_45' title="bbox 1540 3468 2072 3519; baseline 0.006 -10"><span class='ocrx_word' id='word_1_304' title='bbox 1540 3480 1674 3519; x_wconf 85' lang='lat' dir='ltr'>ways</span> <span class='ocrx_word' id='word_1_305' title='bbox 1701 3468 1838 3510; x_wconf 84' lang='lat' dir='ltr'>faced</span> <span class='ocrx_word' id='word_1_306' title='bbox 1868 3469 1953 3511; x_wconf 86' lang='lat' dir='ltr'>the</span> <span class='ocrx_word' id='word_1_307' title='bbox 1979 3470 2072 3512; x_wconf 85' lang='lat' dir='ltr'>foe.</span> 
     </span>
    </p>

    <p class='ocr_par' dir='ltr' id='par_1_8' title="bbox 1538 3535 2540 3712">
     <span class='ocr_line' id='line_1_46' title="bbox 1604 3535 2540 3587; baseline 0 -9"><span class='ocrx_word' id='word_1_308' title='bbox 1604 3537 1652 3578; x_wconf 77' lang='lat'>5.</span> <span class='ocrx_word' id='word_1_309' title='bbox 1690 3535 1891 3580; x_wconf 73' lang='lat' dir='ltr'>Sabino</span> <span class='ocrx_word' id='word_1_310' title='bbox 1915 3535 2082 3579; x_wconf 79' lang='lat' dir='ltr'>bello:</span> <span class='ocrx_word' id='word_1_311' title='bbox 2114 3546 2250 3578; x_wconf 88' lang='lat' dir='ltr'>some</span> <span class='ocrx_word' id='word_1_312' title='bbox 2281 3540 2367 3578; x_wconf 83' lang='lat' dir='ltr'>ten</span> <span class='ocrx_word' id='word_1_313' title='bbox 2398 3547 2540 3587; x_wconf 84' lang='lat' dir='ltr'>years</span> 
     </span>
     <span class='ocr_line' id='line_1_47' title="bbox 1538 3601 2539 3653; baseline -0.001 -9"><span class='ocrx_word' id='word_1_314' title='bbox 1538 3603 1718 3646; x_wconf 85' lang='lat' dir='ltr'>before.</span> <span class='ocrx_word' id='word_1_315' title='bbox 1794 3602 2104 3645; x_wconf 75' lang='lat' dir='ltr'>tributum.</span> <span class='ocrx_word' id='word_1_316' title='bbox 2147 3613 2177 3644; x_wconf 83' lang='lat' dir='ltr'>a</span> <span class='ocrx_word' id='word_1_317' title='bbox 2218 3601 2398 3653; x_wconf 86' lang='lat' dir='ltr'>special</span> <span class='ocrx_word' id='word_1_318' title='bbox 2438 3613 2539 3644; x_wconf 85' lang='lat' dir='ltr'>war</span> 
     </span>
     <span class='ocr_line' id='line_1_48' title="bbox 1538 3674 1641 3712; baseline -0.01 0"><span class='ocrx_word' id='word_1_319' title='bbox 1538 3674 1641 3712; x_wconf 82' lang='lat' dir='ltr'>tax.</span> 
     </span>
    </p>

    <p class='ocr_par' dir='ltr' id='par_1_9' title="bbox 1536 3735 2538 3854">
     <span class='ocr_line' id='line_1_49' title="bbox 1601 3735 2538 3779; baseline 0 -1"><span class='ocrx_word' id='word_1_320' title='bbox 1601 3739 1649 3778; x_wconf 77' lang='lat'>6.</span> <span class='ocrx_word' id='word_1_321' title='bbox 1685 3735 2049 3779; x_wconf 73' lang='lat' dir='ltr'>cumulatum</span> <span class='ocrx_word' id='word_1_322' title='bbox 2106 3735 2318 3779; x_wconf 69' lang='lat' dir='ltr'>usuris:</span> <span class='ocrx_word' id='word_1_323' title='bbox 2377 3735 2538 3778; x_wconf 82' lang='lat' dir='ltr'>“with</span> 
     </span>
     <span class='ocr_line' id='line_1_50' title="bbox 1536 3802 2538 3854; baseline 0 -6"><span class='ocrx_word' id='word_1_324' title='bbox 1536 3803 1602 3848; x_wconf 77' lang='lat' dir='ltr'>its</span> <span class='ocrx_word' id='word_1_325' title='bbox 1641 3803 1830 3847; x_wconf 89' lang='lat' dir='ltr'>burden</span> <span class='ocrx_word' id='word_1_326' title='bbox 1871 3803 1924 3845; x_wconf 80' lang='lat' dir='ltr'>of</span> <span class='ocrx_word' id='word_1_327' title='bbox 1961 3803 2240 3854; x_wconf 79' lang='lat' dir='ltr'>compound</span> <span class='ocrx_word' id='word_1_328' title='bbox 2281 3802 2538 3848; x_wconf 76' lang='lat' dir='ltr'>interest-’⁸</span> 
     </span>
    </p>
   </div>
  </div>
 </body>
</html>
