2925 4375
363 263 441 319 iii.
478 262 534 329 8]
1239 260 1478 315 LIBER
1515 259 1606 313 IX
2362 263 2460 315 141

303 456 325 496 1
363 443 488 506 bus
564 448 946 521 exposcunt.
1038 440 1163 502 ΠΙ.
1212 440 1572 517 Querentes
1651 438 1856 519 magis
1933 460 2135 521 quam
2213 440 2462 505 consul-

366 548 587 607 tantes
619 562 752 604 nox
783 540 1125 620 oppressit,
1161 560 1310 603 cum
1342 560 1460 620 pro
1494 539 1751 619 ingenio
1783 540 2058 620 quisque
2091 540 2459 618 fremerent,

367 642 558 706 alius:
662 642 808 720 ‘per
855 639 1070 703 obices
1124 639 1401 717 viarum,
1454 658 1572 719 per
1623 639 1898 702 adversa
1950 640 2293 716 montium,
2347 661 2464 720 per

302 756 331 795 2
365 741 584 816 silvas,
624 760 756 820 (1113
790 738 939 802 ferri
977 759 1159 801 arma
1191 745 1524 818 poterunt,
1563 759 1788 801 eamus
1799 759 1816 816 3
1853 738 2048 801 modo
2085 738 2167 801 ad
2204 740 2460 802 hostem

367 840 705 921 pervenire
765 838 976 914 liceat,
1040 858 1235 918 quem
1296 858 1412 917 per
1475 858 1678 901 annos
1739 838 1870 900 iam
1932 858 2132 917 prope
2195 839 2466 918 triginta

371 939 691 1003 vincimus
702 959 718 1015 ;
761 938 983 1001 omnia
1026 958 1237 1018 aequa
1277 943 1346 999 et
1388 936 1587 1017 plana
1627 945 1821 1001 erunt
1867 940 2166 1001 Romano
2210 938 2277 1000 in
2319 960 2462 1019 per-

301 1053 330 1095 3
369 1040 575 1102 fidum
612 1038 974 1102 Samnitem
1010 1037 1377 1117 pugnanti?
1419 1036 1607 1099 alius:
1682 1038 1843 1117 ‘quo
1881 1043 1998 1100 aut
2034 1059 2166 1118 qua
2199 1042 2462 1101 eamus?

371 1139 549 1201 Num
576 1143 830 1201 montes
856 1136 1066 1199 moliri
1081 1136 1231 1199 sede
1249 1157 1369 1199 sua
1385 1140 1732 1215 paramus?
1799 1139 1976 1199 Dum
1995 1139 2150 1200 haec
2170 1138 2465 1202 immine-

369 1240 538 1302 bunt
584 1238 754 1316 iuga,
804 1257 937 1317 qua
981 1242 1057 1298 tu
1105 1236 1187 1299 ad
1235 1237 1491 1299 hostem
1539 1236 1801 1299 venies?
1885 1237 2140 1300 Armati
2166 1238 2461 1315 inermes,

371 1339 571 1401 fortes
626 1336 867 1417 ignavi,
924 1336 1169 1415 pariter
1221 1356 1449 1399 omnes
1505 1336 1684 1415 capti
1740 1344 1941 1417 atque
1999 1337 2155 1401 victi
2211 1358 2462 1414 sumus;

370 1459 451 1500 ne
508 1438 751 1501 ferrum
792 1421 1075 1517 'quidem
1135 1435 1216 1497 ad
1276 1435 1441 1498 bene
1502 1436 1910 1498 moriendum
1968 1437 2308 1501 oblaturus
2364 1444 2466 1500 est

302 1555 335 1596 4
370 1538 595 1614 hostis,
657 1536 887 1600 sedens
946 1533 1190 1598 bellum
1251 1535 1591 1598 conficiet.’
1684 1535 1806 1599 His
1853 1536 2133 1599 invicem
2179 1557 2467 1601 sermon-

322 1680 331 1689 ·
370 1637 515 1701 ibus
566 1658 697 1717 qua
746 1636 892 1713 cibi,
945 1656 1077 1716 qua
1126 1634 1364 1716 quietis
1412 1635 1756 1698 immemor
1804 1657 1937 1699 nox
1986 1637 2293 1700 traducta
2341 1644 2461 1700 est.

498 1738 595 1799 Ne
642 1736 1044 1800 Samnitibus
1090 1735 1354 1816 quidem
1400 1734 1740 1798 consilium
1786 1735 1854 1798 in
1899 1742 2039 1799 tam
2085 1736 2272 1800 laetis
2315 1757 2470 1816 sup-

372 1837 641 1918 petebat
709 1836 920 1900 1611115.
1012 1836 1250 1915 Itaque
1306 1835 1591 1898 universi
1662 1836 2062 1899 Herennium
2132 1837 2465 1916 Pontium,

371 1944 628 2018 patrem
684 1935 1114 2015 imperatorie,
1173 1955 1290 2015 per
1345 1933 1597 1999 litteras
1653 1934 2122 1998 consulendum
2180 1944 2464 2000 censent.

304 2057 337 2100 5
374 2037 517 2101 Iam
560 2036 614 2100 is
658 2036 871 2116 gravis
916 2036 1103 2099 annis
1145 2056 1277 2097 non
1320 2034 1712 2099 militaribus
1752 2033 1984 2111 50111111,
2012 2035 2124 2099 sed
2169 2035 2468 2101 civilibus

374 2156 633 2219 quoque
671 2136 1067 2200 abscesserat
1105 2135 1508 2214 muneribus3
1545 2134 1613 2199 in
1647 2155 1912 2216 corpore
1947 2141 2172 2200 tamen
2207 2134 2467 2200 adfecto

306 2257 339 2299 o
374 2237 636 2318 vigebat
665 2237 762 2298 vis
800 2236 999 2299 animi
1034 2236 1429 2315 consiliique.
1522 2235 1588 2298 Is
1625 2235 1739 2298 ubi
1775 2236 2024 2315 accepit
2063 2237 2144 2299 ad
2183 2236 2466 2300 furculas

373 2336 699 2401 Caudinas
721 2336 890 2422 inter
911 2336 1077 2398 duos
1098 2334 1304 2398 saltus
1327 2335 1580 2399 clausos
1602 2355 1740 2398 esse
1761 2336 2082 2399 exercitus
2107 2337 2463 2413 RomanOS‚

372 2436 707 2500 consultus
734 2436 819 2500 ab
845 2435 1079 2498 nuntio
1105 2434 1218 2496 filii
1243 2435 1496 2498 censuit
1524 2455 1748 2499 omnes
1775 2435 1926 2498 inde
1952 2456 2154 2516 quam
2181 2435 2466 2514 primum

309 2558 339 2600 '7
371 2537 719 2600 inviolatos
762 2535 1211 2598 dimittendos.
1302 2534 1486 2609 Quae
1542 2535 1656 2598 ubi
1711 2542 1933 2615 spreta
1987 2535 2313 2599 sententia
2367 2542 2468 2600 est

374 2637 740 2717 iterumque
800 2636 1030 2699 eodem
1090 2641 1420 2698 remeante
1484 2635 1716 2698 nuntio
1777 2634 2254 2712 consulebatur,
2318 2657 2466 2700 cen-

308 2757 341 2801 8
373 2737 505 2800 suit
579 2736 662 2800 ad
736 2755 942 2799 unum
1015 2755 1239 2799 omnes
1293 2734 1796 2799 interficiendos.
1887 2735 2069 2811 Quae
2141 2735 2255 2798 ubi
2328 2742 2468 2799 tam

374 2837 698 2900 discordia
759 2836 930 2898 inter
989 2855 1059 2899 se
1123 2835 1302 2897 velut
1363 2854 1447 2896 ex
1509 2835 1778 2914 ancipiti
1838 2833 2099 2898 oraculo
2161 2856 2470 2915 responsa

375 2937 535 3000 data
574 2943 749 3013 sunt,
795 2955 1198 3015 quamquam
1241 2933 1409 2996 filius
1450 2934 1589 3014 ipse
1630 2935 1697 2997 in
1739 2935 1962 3013 primis
2003 2935 2134 2997 iam
2177 2936 2467 2998 animum

376 3045 636 3117 quoqu'e
690 3035 897 3115 patris
954 3033 1363 3098 consenuisse
1418 3033 1487 3096 in
1544 3033 1803 3098 adfecto
1860 3055 2125 3113 corpore
2180 3036 2465 3112 rebatur,

437 3188 533 3231 111.
568 3187 617 3230 1.
651 3195 748 3238 per
785 3186 1019 3230 adversa
1058 3186 1371 3229 montium:
1473 3186 1543 3229 Cf.
1575 3186 1700 3238 Eng.
1732 3186 1905 3229 “what
1935 3187 2107 3236 with‚”
2135 3188 2188 3230 111
2216 3187 2469 3231 adverbia!

375 3255 452 3298 for
496 3258 768 3306 symmetry
812 3253 935 3296 with
980 3252 1067 3296 the
1112 3252 1373 3305 preceding
1470 3262 1622 3296 sense.

375 3322 563 3374 phrase,
595 3363 600 3367 ,
632 3319 825 3363 instead
891 3319 945 3362 ot
1010 3329 1094 3370 per
1157 3320 1372 3362 adversos
1534 3322 1582 3364 5.
1615 3317 1862 3364 adfectet
1893 3318 2171 3364 “broken.’'

374 3389 564 3431 montes.
596 3391 600 3395 ’
1534 3387 1582 3429 8.
1616 3386 1913 3430 exercitus:
1963 3386 2048 3430 the
2097 3391 2196 3429 two
2243 3387 2472 3431 consular

438 3456 487 3499 ³.
521 3454 729 3497 moliri:
758 3471 801 3488 -
828 3453 1033 3503 amoliri.
1124 3453 1218 3496 “to
1299 3464 1373 3496 re-
1471 3453 1660 3503 arrnies.
1689 3454 1843 3496 about
1869 3453 2041 3502 36,000
2066 3464 2194 3497 111611.

375 3521 571 3564 move.”
624 3522 714 3565 tu:
736 3521 822 3566 the
842 3521 946 3564 first
969 3521 1186 3572 speaker,
1210 3521 1373 3563 whose
1534 3520 1583 3562 8.
1616 3518 1775 3562 velut
1823 3548 1836 3561 .
1884 3549 1898 3562 .
1946 3549 1958 3561 .
2004 3518 2250 3562 oraculo:
2295 3519 2390 3562 “as
2432 3519 2472 3562 if

376 3588 513 3632 three
570 3589 737 3640 points
794 3598 877 3631 are
934 3587 1229 3639 specifically
1287 3598 1373 3630 an·
1472 3587 1598 3628 from
1625 3597 1688 3628 an
1716 3585 1875 3628 oracle
1902 3585 2022 3627 with
2049 3586 2113 3627 its
2140 3586 2469 3638 ambiguity.'’

375 3655 573 3698 swered.
636 3655 856 3698 nedem:
886 3654 1200 3697 adversative
1228 3663 1374 3704 asyn-
1473 3653 1621 3697 Often
1674 3633 1760 3695 tfie
1808 3662 2062 3704 responses
2112 3653 2232 3695 took
2282 3663 2313 3695 a
2362 3664 2469 3696 new

376 3722 541 3771 deton.
573 3723 791 3774 possibly
819 3724 873 3764 to
899 3721 1048 3764 avoid
1077 3721 1162 3764 the
1190 3719 1374 3763 combi-
1471 3719 1702 3769 meaning
1743 3717 1870 3762 aster
1913 3717 2000 3761 the
2042 3721 2206 3762 event.
2282 3717 2470 3763 vietus

376 3789 549 3832 nation
578 3789 658 3832 scd
686 3788 863 3831 sedens.
926 3786 1017 3830 See
1044 3796 1110 3830 on
1141 3788 1186 3831 7.
1217 3787 1294 3830 31.
1325 3787 1371 3830 8.
1471 3784 1581 3830 oct:
1608 3784 1748 3828 “was
1773 3782 2022 3836 prevailed
2048 3782 2235 3836 upon.”

439 3853 1370 3906 4.qua...qua:=et...et.
2009 3856 2015 3863 ‘
