<?xml version="1.0" encoding="UTF-8"?>
<!DOCTYPE html PUBLIC "-//W3C//DTD XHTML 1.0 Transitional//EN"
    "http://www.w3.org/TR/xhtml1/DTD/xhtml1-transitional.dtd">
<html xmlns="http://www.w3.org/1999/xhtml" xml:lang="en" lang="en">
 <head>
  <title>
</title>
<meta http-equiv="Content-Type" content="text/html;charset=utf-8" />
  <meta name='ocr-system' content='tesseract 3.04.00' />
  <meta name='ocr-capabilities' content='ocr_page ocr_carea ocr_par ocr_line ocrx_word'/>
</head>
<body>
  <div class='ocr_page' id='page_1' title='image "./livyselectionsf01longgoog_0155.png"; bbox 0 0 2925 4375; ppageno 0'>
   <div class='ocr_carea' id='block_1_1' title="bbox 460 228 2549 305">
    <p class='ocr_par' dir='ltr' id='par_1_1' title="bbox 460 228 2549 305">
     <span class='ocr_line' id='line_1_1' title="bbox 460 228 2549 305; baseline -0 -21"><span class='ocrx_word' id='word_1_1' title='bbox 460 232 537 287; x_wconf 77' lang='lat' dir='ltr'><strong>xi.</strong></span> <span class='ocrx_word' id='word_1_2' title='bbox 574 230 627 296; x_wconf 90' lang='lat'><strong>7]</strong></span> <span class='ocrx_word' id='word_1_3' title='bbox 836 302 843 305; x_wconf 33' lang='grc'><strong>,</strong></span> <span class='ocrx_word' id='word_1_4' title='bbox 1336 228 1574 283; x_wconf 80' lang='lat' dir='ltr'>LIBER</span> <span class='ocrx_word' id='word_1_5' title='bbox 1609 228 1699 283; x_wconf 78' lang='lat' dir='ltr'><strong>ix</strong></span> <span class='ocrx_word' id='word_1_6' title='bbox 2451 233 2549 286; x_wconf 90' lang='lat'><strong>151</strong></span> 
     </span>
    </p>
   </div>
   <div class='ocr_carea' id='block_1_2' title="bbox 366 410 2567 3086">
    <p class='ocr_par' dir='ltr' id='par_1_2' title="bbox 366 410 2567 3086">
     <span class='ocr_line' id='line_1_2' title="bbox 461 410 2550 491; baseline -0.001 -16"><span class='ocrx_word' id='word_1_7' title='bbox 461 433 597 475; x_wconf 92' lang='lat' dir='ltr'><strong>rem</strong></span> <span class='ocrx_word' id='word_1_8' title='bbox 620 431 864 474; x_wconf 86' lang='lat' dir='ltr'><strong>noxam</strong></span> <span class='ocrx_word' id='word_1_9' title='bbox 886 417 1267 486; x_wconf 91' lang='lat' dir='ltr'><strong>nocuerunt,</strong></span> <span class='ocrx_word' id='word_1_10' title='bbox 1294 410 1379 472; x_wconf 92' lang='lat' dir='ltr'><strong>ob</strong></span> <span class='ocrx_word' id='word_1_11' title='bbox 1401 431 1549 473; x_wconf 91' lang='lat' dir='ltr'><strong>eam</strong></span> <span class='ocrx_word' id='word_1_12' title='bbox 1571 431 1731 487; x_wconf 91' lang='lat' dir='ltr'><strong>rem,</strong></span> <span class='ocrx_word' id='word_1_13' title='bbox 1755 432 1884 491; x_wconf 94' lang='lat' dir='ltr'><strong>quo</strong></span> <span class='ocrx_word' id='word_1_14' title='bbox 1908 410 2187 491; x_wconf 89' lang='lat' dir='ltr'><strong>populus</strong></span> <span class='ocrx_word' id='word_1_15' title='bbox 2213 411 2550 474; x_wconf 89' lang='lat' dir='ltr'><strong>Romanus</strong></span> 
     </span>
     <span class='ocr_line' id='line_1_3' title="bbox 461 509 2547 591; baseline -0.002 -16"><span class='ocrx_word' id='word_1_16' title='bbox 461 511 695 575; x_wconf 89' lang='lat' dir='ltr'><strong>scelere</strong></span> <span class='ocrx_word' id='word_1_17' title='bbox 757 512 956 591; x_wconf 89' lang='lat' dir='ltr'><strong>impio</strong></span> <span class='ocrx_word' id='word_1_18' title='bbox 1018 511 1104 573; x_wconf 91' lang='lat' dir='ltr'><strong>sit</strong></span> <span class='ocrx_word' id='word_1_19' title='bbox 1166 510 1435 585; x_wconf 90' lang='lat' dir='ltr'><strong>solutus,</strong></span> <span class='ocrx_word' id='word_1_20' title='bbox 1501 510 1699 573; x_wconf 88' lang='lat' dir='ltr'><strong>hosce·</strong></span> <span class='ocrx_word' id='word_1_21' title='bbox 1756 510 2046 573; x_wconf 89' lang='lat' dir='ltr'><strong>homines</strong></span> <span class='ocrx_word' id='word_1_22' title='bbox 2089 510 2274 573; x_wconf 88' lang='lat' dir='ltr'><strong>vobis</strong></span> <span class='ocrx_word' id='word_1_23' title='bbox 2336 509 2547 573; x_wconf 65' lang='lat' dir='ltr'><strong>dedo!</strong></span> 
     </span>
     <span class='ocr_line' id='line_1_4' title="bbox 366 610 2552 691; baseline 0.001 -20"><span class='ocrx_word' id='word_1_24' title='bbox 366 629 429 672; x_wconf 91' lang='lat'><strong>10</strong></span> <span class='ocrx_word' id='word_1_25' title='bbox 462 614 643 675; x_wconf 90' lang='lat' dir='ltr'><strong>Haec</strong></span> <span class='ocrx_word' id='word_1_26' title='bbox 662 610 904 673; x_wconf 89' lang='lat' dir='ltr'><strong>dicenti</strong></span> <span class='ocrx_word' id='word_1_27' title='bbox 931 610 1135 673; x_wconf 87' lang='lat' dir='ltr'><strong>fetiali</strong></span> <span class='ocrx_word' id='word_1_28' title='bbox 1166 610 1540 672; x_wconf 78' lang='lat' dir='ltr'><strong>Postumius</strong></span> <span class='ocrx_word' id='word_1_29' title='bbox 1568 630 1735 688; x_wconf 90' lang='lat' dir='ltr'><strong>genu</strong></span> <span class='ocrx_word' id='word_1_30' title='bbox 1763 610 1974 673; x_wconf 87' lang='lat' dir='ltr'><strong>femur</strong></span> <span class='ocrx_word' id='word_1_31' title='bbox 1994 617 2246 691; x_wconf 92' lang='lat' dir='ltr'><strong>quanta</strong></span> <span class='ocrx_word' id='word_1_32' title='bbox 2268 610 2552 673; x_wconf 85' lang='lat' dir='ltr'>maxime</span> 
     </span>
     <span class='ocr_line' id='line_1_5' title="bbox 463 704 2551 793; baseline -0.002 -18"><span class='ocrx_word' id='word_1_33' title='bbox 463 718 724 793; x_wconf 89' lang='lat' dir='ltr'><strong>poterat</strong></span> <span class='ocrx_word' id='word_1_34' title='bbox 763 704 828 771; x_wconf 59' lang='lat' dir='ltr'><strong>vi</strong></span> <span class='ocrx_word' id='word_1_35' title='bbox 865 709 1158 791; x_wconf 91' lang='lat' dir='ltr'><strong>perculit,</strong></span> <span class='ocrx_word' id='word_1_36' title='bbox 1197 716 1266 771; x_wconf 90' lang='lat' dir='ltr'><strong>et</strong></span> <span class='ocrx_word' id='word_1_37' title='bbox 1302 708 1476 772; x_wconf 89' lang='lat' dir='ltr'><strong>clara</strong></span> <span class='ocrx_word' id='word_1_38' title='bbox 1512 729 1670 772; x_wconf 88' lang='lat' dir='ltr'><strong>voce</strong></span> <span class='ocrx_word' id='word_1_39' title='bbox 1707 709 1802 771; x_wconf 89' lang='lat' dir='ltr'><strong>ait</strong></span> <span class='ocrx_word' id='word_1_40' title='bbox 1837 730 1904 772; x_wconf 91' lang='lat' dir='ltr'><strong>se</strong></span> <span class='ocrx_word' id='word_1_41' title='bbox 1943 709 2305 773; x_wconf 75' lang='lat' dir='ltr'><strong>Samnitem</strong></span> <span class='ocrx_word' id='word_1_42' title='bbox 2341 710 2551 773; x_wconf 90' lang='lat' dir='ltr'><strong>civem</strong></span> 
     </span>
     <span class='ocr_line' id='line_1_6' title="bbox 462 808 2552 889; baseline -0.002 -14"><span class='ocrx_word' id='word_1_43' title='bbox 462 832 618 887; x_wconf 91' lang='lat' dir='ltr'><strong>esse,</strong></span> <span class='ocrx_word' id='word_1_44' title='bbox 677 810 855 872; x_wconf 92' lang='lat' dir='ltr'><strong>illum</strong></span> <span class='ocrx_word' id='word_1_45' title='bbox 916 808 1205 889; x_wconf 90' lang='lat' dir='ltr'><strong>legatum</strong></span> <span class='ocrx_word' id='word_1_46' title='bbox 1259 808 1547 871; x_wconf 87' lang='lat' dir='ltr'><strong>fetialem</strong></span> <span class='ocrx_word' id='word_1_47' title='bbox 1604 830 1644 872; x_wconf 89' lang='lat' dir='ltr'><strong>a</strong></span> <span class='ocrx_word' id='word_1_48' title='bbox 1697 830 1764 872; x_wconf 90' lang='lat' dir='ltr'><strong>se</strong></span> <span class='ocrx_word' id='word_1_49' title='bbox 1821 816 2050 873; x_wconf 88' lang='lat' dir='ltr'><strong>contra</strong></span> <span class='ocrx_word' id='word_1_50' title='bbox 2103 810 2202 872; x_wconf 90' lang='lat' dir='ltr'><strong>ius</strong></span> <span class='ocrx_word' id='word_1_51' title='bbox 2259 810 2552 889; x_wconf 90' lang='lat' dir='ltr'><strong>gentium</strong></span> 
     </span>
     <span class='ocr_line' id='line_1_7' title="bbox 402 908 2554 988; baseline 0 -17"><span class='ocrx_word' id='word_1_52' title='bbox 402 928 427 971; x_wconf 93' lang='lat'><strong>1</strong></span> <span class='ocrx_word' id='word_1_53' title='bbox 468 911 786 975; x_wconf 89' lang='lat' dir='ltr'><strong>violatum</strong></span> <span class='ocrx_word' id='word_1_54' title='bbox 796 931 813 988; x_wconf 89' lang='lat'>;</span> <span class='ocrx_word' id='word_1_55' title='bbox 893 931 969 973; x_wconf 94' lang='lat' dir='ltr'><strong>eo</strong></span> <span class='ocrx_word' id='word_1_56' title='bbox 1010 909 1243 972; x_wconf 88' lang='lat' dir='ltr'><strong>iustius</strong></span> <span class='ocrx_word' id='word_1_57' title='bbox 1285 908 1526 972; x_wconf 91' lang='lat' dir='ltr'><strong>bellum</strong></span> <span class='ocrx_word' id='word_1_58' title='bbox 1568 916 1860 988; x_wconf 90' lang='lat' dir='ltr'><strong>gesturos</strong></span> <span class='ocrx_word' id='word_1_59' title='bbox 1969 911 2090 972; x_wconf 92' lang='lat' dir='ltr'><strong>XI.</strong></span> <span class='ocrx_word' id='word_1_60' title='bbox 2172 911 2343 972; x_wconf 89' lang='lat' dir='ltr'><strong>Tum</strong></span> <span class='ocrx_word' id='word_1_61' title='bbox 2386 910 2554 973; x_wconf 93' lang='lat' dir='ltr'><strong>Pon-</strong></span> 
     </span>
     <span class='ocr_line' id='line_1_8' title="bbox 464 1008 2552 1089; baseline -0.001 -14"><span class='ocrx_word' id='word_1_62' title='bbox 464 1012 622 1075; x_wconf 90' lang='lat' dir='ltr'><strong>tius:</strong></span> <span class='ocrx_word' id='word_1_63' title='bbox 708 1012 853 1074; x_wconf 90' lang='lat' dir='ltr'><strong>‘nec</strong></span> <span class='ocrx_word' id='word_1_64' title='bbox 895 1031 1013 1089; x_wconf 87' lang='lat' dir='ltr'><strong>ego</strong></span> <span class='ocrx_word' id='word_1_65' title='bbox 1055 1010 1251 1072; x_wconf 88' lang='lat' dir='ltr'><strong>istam</strong></span> <span class='ocrx_word' id='word_1_66' title='bbox 1292 1008 1692 1075; x_wconf 87' lang='lat' dir='ltr'><strong>deditionem</strong></span> <span class='ocrx_word' id='word_1_67' title='bbox 1735 1010 2079 1089; x_wconf 87' lang='lat' dir='ltr'><strong>accipiam&#39;</strong></span> <span class='ocrx_word' id='word_1_68' title='bbox 2123 1010 2357 1089; x_wconf 91' lang='lat' dir='ltr'><strong>inquit,</strong></span> <span class='ocrx_word' id='word_1_69' title='bbox 2405 1011 2552 1073; x_wconf 91' lang='lat' dir='ltr'><strong>‘nec</strong></span> 
     </span>
     <span class='ocr_line' id='line_1_9' title="bbox 402 1108 2553 1189; baseline 0 -18"><span class='ocrx_word' id='word_1_70' title='bbox 402 1127 433 1171; x_wconf 85' lang='lat'>2</span> <span class='ocrx_word' id='word_1_71' title='bbox 466 1111 791 1176; x_wconf 74' lang='lat' dir='ltr'><strong>Samnites</strong></span> <span class='ocrx_word' id='word_1_72' title='bbox 838 1117 1052 1173; x_wconf 88' lang='lat' dir='ltr'><strong>ratam</strong></span> <span class='ocrx_word' id='word_1_73' title='bbox 1098 1109 1455 1172; x_wconf 90' lang='lat' dir='ltr'><strong>habebunt.</strong></span> <span class='ocrx_word' id='word_1_74' title='bbox 1549 1108 1722 1183; x_wconf 84' lang='lat' dir='ltr'><strong>Quin</strong></span> <span class='ocrx_word' id='word_1_75' title='bbox 1768 1116 1861 1185; x_wconf 91' lang='lat' dir='ltr'><strong>tu,</strong></span> <span class='ocrx_word' id='word_1_76' title='bbox 1913 1109 2104 1189; x_wconf 82' lang='lat' dir='ltr'>Spuri</span> <span class='ocrx_word' id='word_1_77' title='bbox 2150 1109 2467 1185; x_wconf 88' lang='lat' dir='ltr'><strong>Postumi,</strong></span> <span class='ocrx_word' id='word_1_78' title='bbox 2500 1110 2553 1173; x_wconf 91' lang='lat' dir='ltr'><strong>si</strong></span> 
     </span>
     <span class='ocr_line' id='line_1_10' title="bbox 466 1200 2555 1289; baseline -0.001 -16"><span class='ocrx_word' id='word_1_79' title='bbox 466 1211 621 1273; x_wconf 91' lang='lat' dir='ltr'><strong>deos</strong></span> <span class='ocrx_word' id='word_1_80' title='bbox 662 1230 798 1273; x_wconf 89' lang='lat' dir='ltr'><strong>esse</strong></span> <span class='ocrx_word' id='word_1_81' title='bbox 841 1231 1078 1285; x_wconf 83' lang='lat' dir='ltr'><strong>censes,</strong></span> <span class='ocrx_word' id='word_1_82' title='bbox 1125 1215 1240 1271; x_wconf 89' lang='lat' dir='ltr'><strong>aut</strong></span> <span class='ocrx_word' id='word_1_83' title='bbox 1283 1200 1504 1271; x_wconf 83' lang='lat' dir='ltr'><strong>omnia</strong></span> <span class='ocrx_word' id='word_1_84' title='bbox 1544 1209 1742 1271; x_wconf 90' lang='lat' dir='ltr'><strong>inrita</strong></span> <span class='ocrx_word' id='word_1_85' title='bbox 1782 1210 1941 1271; x_wconf 89' lang='lat' dir='ltr'><strong>facis</strong></span> <span class='ocrx_word' id='word_1_86' title='bbox 1985 1216 2102 1272; x_wconf 90' lang='lat' dir='ltr'><strong>aut</strong></span> <span class='ocrx_word' id='word_1_87' title='bbox 2145 1216 2339 1289; x_wconf 91' lang='lat' dir='ltr'><strong>pacto</strong></span> <span class='ocrx_word' id='word_1_88' title='bbox 2381 1213 2555 1272; x_wconf 85' lang='lat' dir='ltr'><strong>stas?</strong></span> 
     </span>
     <span class='ocr_line' id='line_1_11' title="bbox 468 1309 2555 1389; baseline -0.001 -15"><span class='ocrx_word' id='word_1_89' title='bbox 468 1309 747 1374; x_wconf 85' lang='lat' dir='ltr'><strong>Samniti</strong></span> <span class='ocrx_word' id='word_1_90' title='bbox 801 1310 1042 1389; x_wconf 89' lang='lat' dir='ltr'><strong>populo</strong></span> <span class='ocrx_word' id='word_1_91' title='bbox 1099 1329 1342 1385; x_wconf 80' lang='lat' dir='ltr'><strong>omneS,</strong></span> <span class='ocrx_word' id='word_1_92' title='bbox 1402 1330 1564 1389; x_wconf 92' lang='lat' dir='ltr'><strong>quos</strong></span> <span class='ocrx_word' id='word_1_93' title='bbox 1621 1309 1688 1369; x_wconf 89' lang='lat' dir='ltr'><strong>in</strong></span> <span class='ocrx_word' id='word_1_94' title='bbox 1742 1315 2071 1388; x_wconf 84' lang='lat' dir='ltr'><strong>potestate</strong></span> <span class='ocrx_word' id='word_1_95' title='bbox 2127 1309 2379 1385; x_wconf 87' lang='lat' dir='ltr'><strong>habuit,</strong></span> <span class='ocrx_word' id='word_1_96' title='bbox 2440 1316 2555 1372; x_wconf 90' lang='lat' dir='ltr'><strong>aut</strong></span> 
     </span>
     <span class='ocr_line' id='line_1_12' title="bbox 403 1408 2556 1489; baseline 0.001 -20"><span class='ocrx_word' id='word_1_97' title='bbox 403 1426 435 1469; x_wconf 86' lang='lat'>3</span> <span class='ocrx_word' id='word_1_98' title='bbox 468 1431 585 1489; x_wconf 90' lang='lat' dir='ltr'><strong>pro</strong></span> <span class='ocrx_word' id='word_1_99' title='bbox 635 1409 711 1472; x_wconf 90' lang='lat' dir='ltr'><strong>iis</strong></span> <span class='ocrx_word' id='word_1_100' title='bbox 762 1430 903 1489; x_wconf 84' lang='lat' dir='ltr'><strong>pax·</strong></span> <span class='ocrx_word' id='word_1_101' title='bbox 945 1409 1237 1471; x_wconf 78' lang='lat' dir='ltr'><strong>debetur.</strong></span> <span class='ocrx_word' id='word_1_102' title='bbox 1335 1408 1459 1471; x_wconf 91' lang='lat' dir='ltr'><strong>Sed</strong></span> <span class='ocrx_word' id='word_1_103' title='bbox 1514 1408 1671 1488; x_wconf 91' lang='lat' dir='ltr'><strong>quid</strong></span> <span class='ocrx_word' id='word_1_104' title='bbox 1721 1428 1839 1486; x_wconf 92' lang='lat' dir='ltr'><strong>ego</strong></span> <span class='ocrx_word' id='word_1_105' title='bbox 1891 1415 1958 1471; x_wconf 93' lang='lat' dir='ltr'><strong>te</strong></span> <span class='ocrx_word' id='word_1_106' title='bbox 2011 1408 2286 1489; x_wconf 91' lang='lat' dir='ltr'><strong>appello,</strong></span> <span class='ocrx_word' id='word_1_107' title='bbox 2327 1409 2440 1489; x_wconf 89' lang='lat' dir='ltr'><strong>qui</strong></span> <span class='ocrx_word' id='word_1_108' title='bbox 2490 1416 2556 1472; x_wconf 94' lang='lat' dir='ltr'><strong>te</strong></span> 
     </span>
     <span class='ocr_line' id='line_1_13' title="bbox 468 1507 2555 1589; baseline -0.001 -17"><span class='ocrx_word' id='word_1_109' title='bbox 468 1516 737 1589; x_wconf 91' lang='lat' dir='ltr'><strong>captum</strong></span> <span class='ocrx_word' id='word_1_110' title='bbox 774 1508 1005 1571; x_wconf 90' lang='lat' dir='ltr'><strong>victori</strong></span> <span class='ocrx_word' id='word_1_111' title='bbox 1050 1529 1197 1570; x_wconf 91' lang='lat' dir='ltr'><strong>cum</strong></span> <span class='ocrx_word' id='word_1_112' title='bbox 1243 1529 1375 1588; x_wconf 90' lang='lat' dir='ltr'><strong>qua</strong></span> <span class='ocrx_word' id='word_1_113' title='bbox 1418 1514 1605 1587; x_wconf 89' lang='lat' dir='ltr'><strong>potes</strong></span> <span class='ocrx_word' id='word_1_114' title='bbox 1649 1507 1776 1570; x_wconf 92' lang='lat' dir='ltr'><strong>fide</strong></span> <span class='ocrx_word' id='word_1_115' title='bbox 1820 1508 2146 1571; x_wconf 85' lang='lat' dir='ltr'><strong>restituis?</strong></span> <span class='ocrx_word' id='word_1_116' title='bbox 2233 1508 2555 1588; x_wconf 91' lang='lat' dir='ltr'><strong>Populum</strong></span> 
     </span>
     <span class='ocr_line' id='line_1_14' title="bbox 470 1607 2559 1688; baseline 0 -17"><span class='ocrx_word' id='word_1_117' title='bbox 470 1609 844 1671; x_wconf 87' lang='lat' dir='ltr'><strong>Romanum</strong></span> <span class='ocrx_word' id='word_1_118' title='bbox 888 1607 1161 1687; x_wconf 92' lang='lat' dir='ltr'><strong>appello,</strong></span> <span class='ocrx_word' id='word_1_119' title='bbox 1207 1628 1401 1688; x_wconf 92' lang='lat' dir='ltr'><strong>quem</strong></span> <span class='ocrx_word' id='word_1_120' title='bbox 1442 1607 1497 1670; x_wconf 90' lang='lat' dir='ltr'><strong>si</strong></span> <span class='ocrx_word' id='word_1_121' title='bbox 1538 1608 1900 1687; x_wconf 90' lang='lat' dir='ltr'><strong>sponsionis</strong></span> <span class='ocrx_word' id='word_1_122' title='bbox 1943 1608 2026 1670; x_wconf 90' lang='lat' dir='ltr'><strong>ad</strong></span> <span class='ocrx_word' id='word_1_123' title='bbox 2070 1608 2353 1671; x_wconf 84' lang='lat' dir='ltr'><strong>furculas</strong></span> <span class='ocrx_word' id='word_1_124' title='bbox 2395 1609 2559 1671; x_wconf 90' lang='lat' dir='ltr'><strong>Cau-</strong></span> 
     </span>
     <span class='ocr_line' id='line_1_15' title="bbox 469 1707 2557 1787; baseline -0 -17"><span class='ocrx_word' id='word_1_125' title='bbox 469 1709 655 1771; x_wconf 87' lang='lat' dir='ltr'><strong>dinas</strong></span> <span class='ocrx_word' id='word_1_126' title='bbox 714 1708 927 1770; x_wconf 81' lang='lat' dir='ltr'><strong>factae</strong></span> <span class='ocrx_word' id='word_1_127' title='bbox 985 1708 1297 1787; x_wconf 90' lang='lat' dir='ltr'><strong>paenitet,</strong></span> <span class='ocrx_word' id='word_1_128' title='bbox 1359 1707 1667 1769; x_wconf 91' lang='lat' dir='ltr'><strong>restituat</strong></span> <span class='ocrx_word' id='word_1_129' title='bbox 1725 1707 2004 1785; x_wconf 86' lang='lat' dir='ltr'><strong>legiones</strong></span> <span class='ocrx_word' id='word_1_130' title='bbox 2061 1707 2238 1771; x_wconf 90' lang='lat' dir='ltr'><strong>intra</strong></span> <span class='ocrx_word' id='word_1_131' title='bbox 2293 1707 2557 1785; x_wconf 90' lang='lat' dir='ltr'><strong>saltum,</strong></span> 
     </span>
     <span class='ocr_line' id='line_1_16' title="bbox 405 1806 2562 1888; baseline 0 -20"><span class='ocrx_word' id='word_1_132' title='bbox 405 1825 437 1868; x_wconf 80' lang='lat'>4</span> <span class='ocrx_word' id='word_1_133' title='bbox 471 1830 599 1888; x_wconf 92' lang='lat' dir='ltr'><strong>quo</strong></span> <span class='ocrx_word' id='word_1_134' title='bbox 628 1814 893 1887; x_wconf 89' lang='lat' dir='ltr'><strong>saeptae</strong></span> <span class='ocrx_word' id='word_1_135' title='bbox 920 1806 1201 1869; x_wconf 85' lang='lat' dir='ltr'><strong>fuerunt.</strong></span> <span class='ocrx_word' id='word_1_136' title='bbox 1284 1807 1491 1869; x_wconf 91' lang='lat' dir='ltr'><strong>Nemo</strong></span> <span class='ocrx_word' id='word_1_137' title='bbox 1527 1827 1924 1887; x_wconf 88' lang='lat' dir='ltr'><strong>quemquam</strong></span> <span class='ocrx_word' id='word_1_138' title='bbox 1959 1807 2304 1888; x_wconf 83' lang='lat' dir='ltr'><strong>deceperit,</strong></span> <span class='ocrx_word' id='word_1_139' title='bbox 2341 1808 2562 1870; x_wconf 91' lang='lat' dir='ltr'><strong>omnia</strong></span> 
     </span>
     <span class='ocr_line' id='line_1_17' title="bbox 470 1906 2560 1988; baseline 0 -19"><span class='ocrx_word' id='word_1_140' title='bbox 470 1929 587 1988; x_wconf 89' lang='lat' dir='ltr'><strong>pro</strong></span> <span class='ocrx_word' id='word_1_141' title='bbox 645 1907 886 1970; x_wconf 84' lang='lat' dir='ltr'><strong>infecto</strong></span> <span class='ocrx_word' id='word_1_142' title='bbox 943 1907 1095 1983; x_wconf 89' lang='lat' dir='ltr'><strong>sint,</strong></span> <span class='ocrx_word' id='word_1_143' title='bbox 1155 1906 1470 1986; x_wconf 85' lang='lat' dir='ltr'><strong>recipiant</strong></span> <span class='ocrx_word' id='word_1_144' title='bbox 1531 1927 1730 1982; x_wconf 91' lang='lat' dir='ltr'><strong>arma,</strong></span> <span class='ocrx_word' id='word_1_145' title='bbox 1793 1927 1960 1987; x_wconf 86' lang='lat' dir='ltr'><strong>quae</strong></span> <span class='ocrx_word' id='word_1_146' title='bbox 2018 1928 2133 1988; x_wconf 94' lang='lat' dir='ltr'><strong>per</strong></span> <span class='ocrx_word' id='word_1_147' title='bbox 2189 1908 2560 1987; x_wconf 88' lang='lat' dir='ltr'><strong>pactionem</strong></span> 
     </span>
     <span class='ocr_line' id='line_1_18' title="bbox 472 2006 2560 2087; baseline 0 -17"><span class='ocrx_word' id='word_1_148' title='bbox 472 2007 903 2083; x_wconf 92' lang='lat' dir='ltr'><strong>tradiderunt,</strong></span> <span class='ocrx_word' id='word_1_149' title='bbox 978 2006 1247 2069; x_wconf 86' lang='lat' dir='ltr'><strong>redeant</strong></span> <span class='ocrx_word' id='word_1_150' title='bbox 1319 2006 1387 2068; x_wconf 90' lang='lat' dir='ltr'><strong>in</strong></span> <span class='ocrx_word' id='word_1_151' title='bbox 1461 2013 1675 2069; x_wconf 86' lang='lat' dir='ltr'><strong>castra</strong></span> <span class='ocrx_word' id='word_1_152' title='bbox 1747 2027 1884 2082; x_wconf 91' lang='lat' dir='ltr'><strong>sua,</strong></span> <span class='ocrx_word' id='word_1_153' title='bbox 1963 2007 2282 2087; x_wconf 86' lang='lat' dir='ltr'><strong>quidquid</strong></span> <span class='ocrx_word' id='word_1_154' title='bbox 2357 2006 2560 2087; x_wconf 91' lang='lat' dir='ltr'><strong>pridie</strong></span> 
     </span>
     <span class='ocr_line' id='line_1_19' title="bbox 472 2105 2560 2189; baseline -0 -20"><span class='ocrx_word' id='word_1_155' title='bbox 472 2108 862 2183; x_wconf 89' lang='lat' dir='ltr'><strong>habuerunt,</strong></span> <span class='ocrx_word' id='word_1_156' title='bbox 920 2126 1119 2189; x_wconf 89' lang='lat' dir='ltr'><strong>quam</strong></span> <span class='ocrx_word' id='word_1_157' title='bbox 1172 2106 1240 2167; x_wconf 93' lang='lat' dir='ltr'><strong>in</strong></span> <span class='ocrx_word' id='word_1_158' title='bbox 1295 2105 1687 2188; x_wconf 91' lang='lat' dir='ltr'><strong>colloquium</strong></span> <span class='ocrx_word' id='word_1_159' title='bbox 1741 2113 1840 2169; x_wconf 88' lang='lat' dir='ltr'><strong>est</strong></span> <span class='ocrx_word' id='word_1_160' title='bbox 1896 2113 2190 2183; x_wconf 89' lang='lat' dir='ltr'><strong>ventum,</strong></span> <span class='ocrx_word' id='word_1_161' title='bbox 2248 2107 2534 2170; x_wconf 88' lang='lat' dir='ltr'><strong>habeant</strong></span> <span class='ocrx_word' id='word_1_162' title='bbox 2543 2127 2560 2184; x_wconf 90' lang='lat'>;</span> 
     </span>
     <span class='ocr_line' id='line_1_20' title="bbox 473 2206 2562 2287; baseline -0 -16"><span class='ocrx_word' id='word_1_163' title='bbox 473 2215 617 2271; x_wconf 88' lang='lat' dir='ltr'><strong>tum</strong></span> <span class='ocrx_word' id='word_1_164' title='bbox 665 2209 906 2270; x_wconf 92' lang='lat' dir='ltr'><strong>bellum</strong></span> <span class='ocrx_word' id='word_1_165' title='bbox 953 2214 1020 2270; x_wconf 92' lang='lat' dir='ltr'><strong>et</strong></span> <span class='ocrx_word' id='word_1_166' title='bbox 1068 2207 1264 2270; x_wconf 83' lang='lat' dir='ltr'><strong>fortia</strong></span> <span class='ocrx_word' id='word_1_167' title='bbox 1311 2207 1576 2270; x_wconf 90' lang='lat' dir='ltr'><strong>consilia</strong></span> <span class='ocrx_word' id='word_1_168' title='bbox 1622 2206 1944 2287; x_wconf 88' lang='lat' dir='ltr'><strong>placeant,</strong></span> <span class='ocrx_word' id='word_1_169' title='bbox 1995 2213 2139 2269; x_wconf 91' lang='lat' dir='ltr'><strong>tum</strong></span> <span class='ocrx_word' id='word_1_170' title='bbox 2187 2208 2447 2287; x_wconf 90' lang='lat' dir='ltr'><strong>sponsio</strong></span> <span class='ocrx_word' id='word_1_171' title='bbox 2494 2213 2562 2270; x_wconf 87' lang='lat' dir='ltr'><strong>et</strong></span> 
     </span>
     <span class='ocr_line' id='line_1_21' title="bbox 407 2306 2560 2388; baseline 0 -18"><span class='ocrx_word' id='word_1_172' title='bbox 407 2327 438 2370; x_wconf 85' lang='lat'><strong>5</strong></span> <span class='ocrx_word' id='word_1_173' title='bbox 473 2329 606 2388; x_wconf 86' lang='lat' dir='ltr'><strong>pax</strong></span> <span class='ocrx_word' id='word_1_174' title='bbox 654 2307 1048 2387; x_wconf 90' lang='lat' dir='ltr'><strong>repudietur.</strong></span> <span class='ocrx_word' id='word_1_175' title='bbox 1148 2309 1245 2369; x_wconf 88' lang='lat' dir='ltr'><strong>Ea</strong></span> <span class='ocrx_word' id='word_1_176' title='bbox 1294 2308 1578 2383; x_wconf 90' lang='lat' dir='ltr'><strong>fortuna,</strong></span> <span class='ocrx_word' id='word_1_177' title='bbox 1630 2307 1708 2369; x_wconf 91' lang='lat' dir='ltr'><strong>iis</strong></span> <span class='ocrx_word' id='word_1_178' title='bbox 1758 2306 1931 2383; x_wconf 81' lang='lat' dir='ltr'><strong>lociS,</strong></span> <span class='ocrx_word' id='word_1_179' title='bbox 1963 2328 2131 2387; x_wconf 86' lang='lat' dir='ltr'><strong>quae</strong></span> <span class='ocrx_word' id='word_1_180' title='bbox 2182 2314 2335 2370; x_wconf 90' lang='lat' dir='ltr'><strong>ante</strong></span> <span class='ocrx_word' id='word_1_181' title='bbox 2386 2307 2560 2387; x_wconf 89' lang='lat' dir='ltr'><strong>pacis</strong></span> 
     </span>
     <span class='ocr_line' id='line_1_22' title="bbox 474 2406 2564 2487; baseline 0 -19"><span class='ocrx_word' id='word_1_182' title='bbox 474 2409 871 2470; x_wconf 87' lang='lat' dir='ltr'><strong>mentionem</strong></span> <span class='ocrx_word' id='word_1_183' title='bbox 945 2407 1311 2483; x_wconf 90' lang='lat' dir='ltr'><strong>habuimus,</strong></span> <span class='ocrx_word' id='word_1_184' title='bbox 1387 2427 1684 2486; x_wconf 87' lang='lat' dir='ltr'><strong>geramus</strong></span> <span class='ocrx_word' id='word_1_185' title='bbox 1757 2407 2019 2483; x_wconf 89' lang='lat' dir='ltr'><strong>bellum,</strong></span> <span class='ocrx_word' id='word_1_186' title='bbox 2096 2427 2211 2469; x_wconf 92' lang='lat' dir='ltr'><strong>nec</strong></span> <span class='ocrx_word' id='word_1_187' title='bbox 2285 2406 2564 2487; x_wconf 90' lang='lat' dir='ltr'><strong>populus</strong></span> 
     </span>
     <span class='ocr_line' id='line_1_23' title="bbox 476 2505 2565 2587; baseline -0.001 -17"><span class='ocrx_word' id='word_1_188' title='bbox 476 2508 812 2570; x_wconf 90' lang='lat' dir='ltr'><strong>Romanus</strong></span> <span class='ocrx_word' id='word_1_189' title='bbox 871 2507 1207 2570; x_wconf 91' lang='lat' dir='ltr'><strong>consulum</strong></span> <span class='ocrx_word' id='word_1_190' title='bbox 1264 2507 1678 2587; x_wconf 89' lang='lat' dir='ltr'><strong>sponsionem</strong></span> <span class='ocrx_word' id='word_1_191' title='bbox 1735 2528 1852 2570; x_wconf 89' lang='lat' dir='ltr'><strong>nec</strong></span> <span class='ocrx_word' id='word_1_192' title='bbox 1911 2527 2029 2570; x_wconf 89' lang='lat' dir='ltr'><strong>nos</strong></span> <span class='ocrx_word' id='word_1_193' title='bbox 2087 2507 2283 2570; x_wconf 90' lang='lat' dir='ltr'><strong>fidem</strong></span> <span class='ocrx_word' id='word_1_194' title='bbox 2342 2505 2565 2587; x_wconf 92' lang='lat' dir='ltr'><strong>populi</strong></span> 
     </span>
     <span class='ocr_line' id='line_1_24' title="bbox 409 2606 2564 2686; baseline -0 -18"><span class='ocrx_word' id='word_1_195' title='bbox 409 2625 441 2668; x_wconf 81' lang='lat'><strong>6</strong></span> <span class='ocrx_word' id='word_1_196' title='bbox 476 2608 757 2670; x_wconf 87' lang='lat' dir='ltr'><strong>Romani</strong></span> <span class='ocrx_word' id='word_1_197' title='bbox 798 2627 1191 2669; x_wconf 83' lang='lat' dir='ltr'><strong>accusemuS.</strong></span> <span class='ocrx_word' id='word_1_198' title='bbox 1278 2607 1741 2686; x_wconf 89' lang='lat' dir='ltr'><strong>Numquamne</strong></span> <span class='ocrx_word' id='word_1_199' title='bbox 1780 2627 1976 2670; x_wconf 90' lang='lat' dir='ltr'><strong>causa</strong></span> <span class='ocrx_word' id='word_1_200' title='bbox 2014 2607 2231 2683; x_wconf 92' lang='lat' dir='ltr'><strong>defiet,</strong></span> <span class='ocrx_word' id='word_1_201' title='bbox 2262 2628 2376 2670; x_wconf 92' lang='lat' dir='ltr'><strong>cur</strong></span> <span class='ocrx_word' id='word_1_202' title='bbox 2408 2606 2564 2668; x_wconf 87' lang='lat' dir='ltr'><strong>victi</strong></span> 
     </span>
     <span class='ocr_line' id='line_1_25' title="bbox 475 2706 2566 2787; baseline -0 -18"><span class='ocrx_word' id='word_1_203' title='bbox 475 2714 669 2787; x_wconf 90' lang='lat' dir='ltr'><strong>pacto</strong></span> <span class='ocrx_word' id='word_1_204' title='bbox 728 2728 859 2769; x_wconf 91' lang='lat' dir='ltr'><strong>non</strong></span> <span class='ocrx_word' id='word_1_205' title='bbox 914 2707 1139 2769; x_wconf 79' lang='lat' dir='ltr'><strong>stetis?</strong></span> <span class='ocrx_word' id='word_1_206' title='bbox 1254 2706 1526 2769; x_wconf 90' lang='lat' dir='ltr'><strong>Obsides</strong></span> <span class='ocrx_word' id='word_1_207' title='bbox 1586 2707 1938 2770; x_wconf 87' lang='lat' dir='ltr'><strong>Porsinnae</strong></span> <span class='ocrx_word' id='word_1_208' title='bbox 1996 2707 2292 2770; x_wconf 84' lang='lat' dir='ltr'><strong>dedistis:</strong></span> <span class='ocrx_word' id='word_1_209' title='bbox 2389 2706 2566 2768; x_wconf 83' lang='lat' dir='ltr'><strong>furto</strong></span> 
     </span>
     <span class='ocr_line' id='line_1_26' title="bbox 410 2806 2566 2883; baseline -0.001 -13"><span class='ocrx_word' id='word_1_210' title='bbox 410 2827 441 2870; x_wconf 85' lang='lat'><strong>&#39;7</strong></span> <span class='ocrx_word' id='word_1_211' title='bbox 473 2827 582 2870; x_wconf 94' lang='lat' dir='ltr'><strong>eos</strong></span> <span class='ocrx_word' id='word_1_212' title='bbox 652 2807 1057 2870; x_wconf 86' lang='lat' dir='ltr'><strong>subduxistis</strong></span> <span class='ocrx_word' id='word_1_213' title='bbox 1067 2827 1084 2883; x_wconf 89' lang='lat'>;</span> <span class='ocrx_word' id='word_1_214' title='bbox 1157 2827 1314 2868; x_wconf 91' lang='lat' dir='ltr'><strong>auro</strong></span> <span class='ocrx_word' id='word_1_215' title='bbox 1386 2806 1724 2868; x_wconf 88' lang='lat' dir='ltr'><strong>civitatem</strong></span> <span class='ocrx_word' id='word_1_216' title='bbox 1797 2828 1836 2869; x_wconf 90' lang='lat' dir='ltr'><strong>a</strong></span> <span class='ocrx_word' id='word_1_217' title='bbox 1907 2807 2106 2870; x_wconf 88' lang='lat' dir='ltr'><strong>Gallis</strong></span> <span class='ocrx_word' id='word_1_218' title='bbox 2177 2806 2566 2870; x_wconf 87' lang='lat' dir='ltr'><strong>redemistis:</strong></span> 
     </span>
     <span class='ocr_line' id='line_1_27' title="bbox 476 2906 2567 2986; baseline -0 -19"><span class='ocrx_word' id='word_1_219' title='bbox 476 2907 645 2969; x_wconf 93' lang='lat' dir='ltr'><strong>inter</strong></span> <span class='ocrx_word' id='word_1_220' title='bbox 700 2906 1145 2985; x_wconf 90' lang='lat' dir='ltr'><strong>accipiendum</strong></span> <span class='ocrx_word' id='word_1_221' title='bbox 1202 2926 1433 2969; x_wconf 91' lang='lat' dir='ltr'><strong>aurum</strong></span> <span class='ocrx_word' id='word_1_222' title='bbox 1489 2907 1656 2968; x_wconf 89' lang='lat' dir='ltr'><strong>caesi</strong></span> <span class='ocrx_word' id='word_1_223' title='bbox 1708 2913 1863 2969; x_wconf 93' lang='lat' dir='ltr'><strong>sunt</strong></span> <span class='ocrx_word' id='word_1_224' title='bbox 1874 2927 1890 2984; x_wconf 88' lang='lat'>;</span> <span class='ocrx_word' id='word_1_225' title='bbox 1946 2927 2175 2986; x_wconf 91' lang='lat' dir='ltr'><strong>pacem</strong></span> <span class='ocrx_word' id='word_1_226' title='bbox 2230 2907 2567 2969; x_wconf 89' lang='lat' dir='ltr'><strong>nobiscum</strong></span> 
     </span>
     <span class='ocr_line' id='line_1_28' title="bbox 476 3004 2567 3086; baseline -0.001 -18"><span class='ocrx_word' id='word_1_227' title='bbox 476 3007 828 3086; x_wconf 83' lang='lat' dir='ltr'><strong>pepigistiS,</strong></span> <span class='ocrx_word' id='word_1_228' title='bbox 875 3012 950 3068; x_wconf 93' lang='lat' dir='ltr'><strong>ut</strong></span> <span class='ocrx_word' id='word_1_229' title='bbox 995 3004 1273 3084; x_wconf 87' lang='lat' dir='ltr'><strong>legiones</strong></span> <span class='ocrx_word' id='word_1_230' title='bbox 1318 3006 1504 3068; x_wconf 88' lang='lat' dir='ltr'><strong>vobis</strong></span> <span class='ocrx_word' id='word_1_231' title='bbox 1549 3013 1776 3085; x_wconf 88' lang='lat' dir='ltr'><strong>captas</strong></span> <span class='ocrx_word' id='word_1_232' title='bbox 1820 3007 2336 3070; x_wconf 87' lang='lat' dir='ltr'><strong>restitueremus:</strong></span> <span class='ocrx_word' id='word_1_233' title='bbox 2421 3025 2567 3068; x_wconf 91' lang='lat' dir='ltr'><strong>eam</strong></span> 
     </span>
    </p>
   </div>
   <div class='ocr_carea' id='block_1_3' title="bbox 477 3225 2574 3412">
    <p class='ocr_par' dir='ltr' id='par_1_3' title="bbox 477 3225 2574 3412">
     <span class='ocr_line' id='line_1_29' title="bbox 477 3225 2574 3278; baseline -0 -9"><span class='ocrx_word' id='word_1_234' title='bbox 477 3227 669 3269; x_wconf 80' lang='lat' dir='ltr'><strong>archaic</strong></span> <span class='ocrx_word' id='word_1_235' title='bbox 702 3237 835 3269; x_wconf 89' lang='lat' dir='ltr'><strong>nom.</strong></span> <span class='ocrx_word' id='word_1_236' title='bbox 872 3226 997 3278; x_wconf 89' lang='lat' dir='ltr'><strong>plur.</strong></span> <span class='ocrx_word' id='word_1_237' title='bbox 1065 3234 1272 3269; x_wconf 72' lang='lat' dir='ltr'><strong>noxam</strong></span> <span class='ocrx_word' id='word_1_238' title='bbox 1306 3234 1476 3269; x_wconf 79' lang='lat' dir='ltr'><strong>nocu—</strong></span> <span class='ocrx_word' id='word_1_239' title='bbox 1635 3225 1728 3269; x_wconf 90' lang='lat' dir='ltr'><strong>XI.</strong></span> <span class='ocrx_word' id='word_1_240' title='bbox 1764 3228 1813 3269; x_wconf 77' lang='lat'><strong>8.</strong></span> <span class='ocrx_word' id='word_1_241' title='bbox 1847 3227 2124 3277; x_wconf 78' lang='lat' dir='ltr'><strong>paenitet:</strong></span> <span class='ocrx_word' id='word_1_242' title='bbox 2158 3237 2238 3270; x_wconf 83' lang='lat' dir='ltr'><strong>see</strong></span> <span class='ocrx_word' id='word_1_243' title='bbox 2269 3237 2335 3268; x_wconf 92' lang='lat' dir='ltr'><strong>on</strong></span> <span class='ocrx_word' id='word_1_244' title='bbox 2368 3226 2574 3270; x_wconf 76' lang='lat' dir='ltr'><strong>taedebat</strong></span> 
     </span>
     <span class='ocr_line' id='line_1_30' title="bbox 477 3292 1774 3344; baseline -0.001 -6"><span class='ocrx_word' id='word_1_245' title='bbox 477 3293 668 3338; x_wconf 77' lang='lat' dir='ltr'><strong>erunt:</strong></span> <span class='ocrx_word' id='word_1_246' title='bbox 726 3293 807 3335; x_wconf 85' lang='lat' dir='ltr'><strong>old</strong></span> <span class='ocrx_word' id='word_1_247' title='bbox 864 3293 1089 3342; x_wconf 85' lang='lat' dir='ltr'><strong>formula.</strong></span> <span class='ocrx_word' id='word_1_248' title='bbox 1147 3292 1269 3335; x_wconf 85' lang='lat' dir='ltr'><strong>with</strong></span> <span class='ocrx_word' id='word_1_249' title='bbox 1322 3294 1477 3344; x_wconf 68' lang='lat' dir='ltr'><strong>flaura</strong></span> <span class='ocrx_word' id='word_1_250' title='bbox 1579 3294 1642 3342; x_wconf 90' lang='grc'><strong>(7.</strong></span> <span class='ocrx_word' id='word_1_251' title='bbox 1678 3293 1774 3344; x_wconf 83' lang='grc'>14).</span> 
     </span>
     <span class='ocr_line' id='line_1_31' title="bbox 477 3359 2573 3412; baseline -0.001 -8"><span class='ocrx_word' id='word_1_252' title='bbox 477 3361 791 3412; x_wconf 76' lang='lat' dir='ltr'><strong>etvmolom&#39;ca.</strong></span> <span class='ocrx_word' id='word_1_253' title='bbox 1635 3360 1685 3402; x_wconf 74' lang='lat'><strong>4.</strong></span> <span class='ocrx_word' id='word_1_254' title='bbox 1719 3359 2020 3411; x_wconf 75' lang='lat' dir='ltr'><strong>deceperit:</strong></span> <span class='ocrx_word' id='word_1_255' title='bbox 2072 3371 2151 3404; x_wconf 82' lang='lat' dir='ltr'><strong>see</strong></span> <span class='ocrx_word' id='word_1_256' title='bbox 2201 3371 2266 3402; x_wconf 90' lang='lat' dir='ltr'><strong>on</strong></span> <span class='ocrx_word' id='word_1_257' title='bbox 2316 3359 2474 3411; x_wconf 75' lang='lat' dir='ltr'><strong>ruerit.</strong></span> <span class='ocrx_word' id='word_1_258' title='bbox 2533 3360 2573 3402; x_wconf 90' lang='lat'><strong>1.</strong></span> 
     </span>
    </p>
   </div>
   <div class='ocr_carea' id='block_1_4' title="bbox 388 3426 2579 3748">
    <p class='ocr_par' dir='ltr' id='par_1_4' title="bbox 479 3426 2576 3614">
     <span class='ocr_line' id='line_1_32' title="bbox 541 3426 2576 3478; baseline -0.001 -8"><span class='ocrx_word' id='word_1_259' title='bbox 541 3429 621 3470; x_wconf 81' lang='grc' dir='ltr'><strong>ιο.</strong></span> <span class='ocrx_word' id='word_1_260' title='bbox 656 3428 865 3471; x_wconf 59' lang='lat' dir='ltr'><strong>dicenti</strong></span> <span class='ocrx_word' id='word_1_261' title='bbox 901 3427 1105 3471; x_wconf 69' lang='lat' dir='ltr'><strong>fetiali:</strong></span> <span class='ocrx_word' id='word_1_262' title='bbox 1143 3427 1247 3470; x_wconf 82' lang='lat' dir='ltr'><strong>dat.</strong></span> <span class='ocrx_word' id='word_1_263' title='bbox 1284 3427 1336 3469; x_wconf 79' lang='lat' dir='ltr'><strong>of</strong></span> <span class='ocrx_word' id='word_1_264' title='bbox 1369 3427 1475 3478; x_wconf 77' lang='lat' dir='ltr'><strong>ret..</strong></span> <span class='ocrx_word' id='word_1_265' title='bbox 1575 3429 1650 3470; x_wconf 88' lang='lat'><strong>23.</strong></span> <span class='ocrx_word' id='word_1_266' title='bbox 1695 3429 1740 3470; x_wconf 90' lang='lat'><strong>8.</strong></span> <span class='ocrx_word' id='word_1_267' title='bbox 1816 3436 1916 3478; x_wconf 78' lang='lat' dir='ltr'><strong>pro</strong></span> <span class='ocrx_word' id='word_1_268' title='bbox 1956 3428 2193 3472; x_wconf 70' lang='lat' dir='ltr'><strong>intecto:</strong></span> <span class='ocrx_word' id='word_1_269' title='bbox 2238 3427 2334 3470; x_wconf 77' lang='lat' dir='ltr'><strong>“as</strong></span> <span class='ocrx_word' id='word_1_270' title='bbox 2375 3427 2414 3470; x_wconf 78' lang='lat' dir='ltr'><strong>ir</strong></span> <span class='ocrx_word' id='word_1_271' title='bbox 2455 3426 2576 3478; x_wconf 84' lang='lat' dir='ltr'><strong>they</strong></span> 
     </span>
     <span class='ocr_line' id='line_1_33' title="bbox 479 3493 2176 3546; baseline 0 -8"><span class='ocrx_word' id='word_1_272' title='bbox 479 3495 761 3545; x_wconf 81' lang='lat' dir='ltr'><strong>equivalent</strong></span> <span class='ocrx_word' id='word_1_273' title='bbox 810 3499 863 3537; x_wconf 87' lang='lat' dir='ltr'><strong>to</strong></span> <span class='ocrx_word' id='word_1_274' title='bbox 910 3505 940 3536; x_wconf 79' lang='lat' dir='ltr'><strong>a</strong></span> <span class='ocrx_word' id='word_1_275' title='bbox 987 3506 1093 3545; x_wconf 82' lang='lat' dir='ltr'><strong>gen.</strong></span> <span class='ocrx_word' id='word_1_276' title='bbox 1141 3495 1262 3537; x_wconf 88' lang='lat' dir='ltr'><strong>with</strong></span> <span class='ocrx_word' id='word_1_277' title='bbox 1307 3494 1476 3545; x_wconf 75' lang='lat' dir='ltr'><strong>remur.</strong></span> <span class='ocrx_word' id='word_1_278' title='bbox 1575 3493 1673 3536; x_wconf 84' lang='lat' dir='ltr'><strong>had</strong></span> <span class='ocrx_word' id='word_1_279' title='bbox 1697 3496 1786 3536; x_wconf 90' lang='lat' dir='ltr'><strong>not</strong></span> <span class='ocrx_word' id='word_1_280' title='bbox 1811 3495 1962 3538; x_wconf 79' lang='lat' dir='ltr'><strong>taken</strong></span> <span class='ocrx_word' id='word_1_281' title='bbox 1987 3495 2176 3546; x_wconf 83' lang='lat' dir='ltr'><strong>place.’&#39;</strong></span> 
     </span>
     <span class='ocr_line' id='line_1_34' title="bbox 479 3561 2206 3614; baseline -0.001 -7"><span class='ocrx_word' id='word_1_282' title='bbox 479 3563 567 3607; x_wconf 85' lang='lat' dir='ltr'><strong>See</strong></span> <span class='ocrx_word' id='word_1_283' title='bbox 588 3574 652 3606; x_wconf 90' lang='lat' dir='ltr'><strong>on</strong></span> <span class='ocrx_word' id='word_1_284' title='bbox 680 3564 720 3606; x_wconf 89' lang='lat'><strong>1.</strong></span> <span class='ocrx_word' id='word_1_285' title='bbox 744 3564 789 3606; x_wconf 85' lang='grc'><strong>9.</strong></span> <span class='ocrx_word' id='word_1_286' title='bbox 818 3564 891 3605; x_wconf 82' lang='grc'><strong>14.</strong></span> <span class='ocrx_word' id='word_1_287' title='bbox 948 3561 1259 3607; x_wconf 79' lang='lat' dir='ltr'><strong>Samnitem</strong></span> <span class='ocrx_word' id='word_1_288' title='bbox 1275 3561 1474 3612; x_wconf 75' lang='lat' dir='ltr'><strong>civem,</strong></span> <span class='ocrx_word' id='word_1_289' title='bbox 1639 3563 1688 3604; x_wconf 74' lang='grc'><strong>8.</strong></span> <span class='ocrx_word' id='word_1_290' title='bbox 1722 3561 1914 3606; x_wconf 78' lang='lat' dir='ltr'><strong>defiet:</strong></span> <span class='ocrx_word' id='word_1_291' title='bbox 1944 3580 1986 3596; x_wconf 89' lang='lat'>=</span> <span class='ocrx_word' id='word_1_292' title='bbox 2013 3563 2206 3614; x_wconf 63' lang='lat' dir='ltr'><strong>deficiet.</strong></span> 
     </span>
    </p>

    <p class='ocr_par' dir='ltr' id='par_1_5' title="bbox 388 3628 2578 3681">
     <span class='ocr_line' id='line_1_35' title="bbox 388 3628 2578 3681; baseline -0.001 -7"><span class='ocrx_word' id='word_1_293' title='bbox 388 3676 391 3680; x_wconf 77' lang='grc'>,</span> <span class='ocrx_word' id='word_1_294' title='bbox 480 3634 593 3674; x_wconf 87' lang='lat' dir='ltr'><strong>etc.:</strong></span> <span class='ocrx_word' id='word_1_295' title='bbox 630 3630 729 3672; x_wconf 86' lang='lat' dir='ltr'><strong>this</strong></span> <span class='ocrx_word' id='word_1_296' title='bbox 760 3629 885 3680; x_wconf 82' lang='lat' dir='ltr'><strong>legal</strong></span> <span class='ocrx_word' id='word_1_297' title='bbox 919 3629 1087 3671; x_wconf 83' lang='lat' dir='ltr'><strong>fiction</strong></span> <span class='ocrx_word' id='word_1_298' title='bbox 1120 3629 1161 3671; x_wconf 84' lang='lat' dir='ltr'><strong>is</strong></span> <span class='ocrx_word' id='word_1_299' title='bbox 1195 3639 1248 3671; x_wconf 82' lang='lat' dir='ltr'><strong>as</strong></span> <span class='ocrx_word' id='word_1_300' title='bbox 1281 3628 1478 3671; x_wconf 80' lang='lat' dir='ltr'><strong>farcical</strong></span> <span class='ocrx_word' id='word_1_301' title='bbox 1640 3631 1689 3672; x_wconf 79' lang='grc'><strong>7.</strong></span> <span class='ocrx_word' id='word_1_302' title='bbox 1721 3629 1894 3672; x_wconf 76' lang='lat' dir='ltr'><strong>inter:</strong></span> <span class='ocrx_word' id='word_1_303' title='bbox 1927 3629 2188 3681; x_wconf 81' lang='lat' dir='ltr'><strong>tempora13</strong></span> <span class='ocrx_word' id='word_1_304' title='bbox 2220 3629 2338 3680; x_wconf 86' lang='lat' dir='ltr'><strong>only</strong></span> <span class='ocrx_word' id='word_1_305' title='bbox 2367 3629 2419 3672; x_wconf 85' lang='lat' dir='ltr'><strong>in</strong></span> <span class='ocrx_word' id='word_1_306' title='bbox 2452 3629 2578 3680; x_wconf 77' lang='lat' dir='ltr'><strong>Livy</strong></span> 
     </span>
    </p>

    <p class='ocr_par' dir='ltr' id='par_1_6' title="bbox 479 3694 2579 3748">
     <span class='ocr_line' id='line_1_36' title="bbox 479 3694 2579 3748; baseline -0.001 -8"><span class='ocrx_word' id='word_1_307' title='bbox 479 3709 533 3740; x_wconf 85' lang='lat' dir='ltr'><strong>as</strong></span> <span class='ocrx_word' id='word_1_308' title='bbox 581 3696 792 3740; x_wconf 87' lang='lat' dir='ltr'><strong>Portia&#39;s</strong></span> <span class='ocrx_word' id='word_1_309' title='bbox 838 3697 1116 3748; x_wconf 82' lang='lat' dir='ltr'><strong>injunction</strong></span> <span class='ocrx_word' id='word_1_310' title='bbox 1164 3700 1217 3738; x_wconf 86' lang='lat' dir='ltr'><strong>to</strong></span> <span class='ocrx_word' id='word_1_311' title='bbox 1265 3695 1480 3747; x_wconf 86' lang='lat' dir='ltr'><strong>Shylock</strong></span> <span class='ocrx_word' id='word_1_312' title='bbox 1575 3695 1697 3738; x_wconf 76' lang='lat' dir='ltr'><strong>with</strong></span> <span class='ocrx_word' id='word_1_313' title='bbox 1761 3695 1848 3738; x_wconf 89' lang='lat' dir='ltr'><strong>the</strong></span> <span class='ocrx_word' id='word_1_314' title='bbox 1911 3696 2179 3746; x_wconf 85' lang='lat' dir='ltr'><strong>gerundive</strong></span> <span class='ocrx_word' id='word_1_315' title='bbox 2243 3697 2294 3738; x_wconf 83' lang='lat' dir='ltr'><strong>in</strong></span> <span class='ocrx_word' id='word_1_316' title='bbox 2360 3694 2579 3738; x_wconf 67' lang='lat' dir='ltr'><strong>Classical</strong></span> 
     </span>
    </p>
   </div>
   <div class='ocr_carea' id='block_1_5' title="bbox 479 3762 2451 3881">
    <p class='ocr_par' dir='ltr' id='par_1_7' title="bbox 479 3762 2451 3881">
     <span class='ocr_line' id='line_1_37' title="bbox 479 3762 2451 3814; baseline 0 -8"><span class='ocrx_word' id='word_1_317' title='bbox 479 3767 567 3807; x_wconf 91' lang='lat' dir='ltr'><strong>not</strong></span> <span class='ocrx_word' id='word_1_318' title='bbox 600 3769 652 3807; x_wconf 85' lang='lat' dir='ltr'><strong>to</strong></span> <span class='ocrx_word' id='word_1_319' title='bbox 683 3763 802 3806; x_wconf 88' lang='lat' dir='ltr'><strong>shed</strong></span> <span class='ocrx_word' id='word_1_320' title='bbox 836 3763 969 3805; x_wconf 87' lang='lat' dir='ltr'><strong>“one</strong></span> <span class='ocrx_word' id='word_1_321' title='bbox 999 3762 1121 3814; x_wconf 84' lang='lat' dir='ltr'><strong>drop</strong></span> <span class='ocrx_word' id='word_1_322' title='bbox 1152 3764 1204 3805; x_wconf 85' lang='lat' dir='ltr'><strong>of</strong></span> <span class='ocrx_word' id='word_1_323' title='bbox 1234 3762 1479 3806; x_wconf 81' lang='lat' dir='ltr'><strong>Christian</strong></span> <span class='ocrx_word' id='word_1_324' title='bbox 1578 3763 1740 3807; x_wconf 80' lang='lat' dir='ltr'><strong>Latin.</strong></span> <span class='ocrx_word' id='word_1_325' title='bbox 1801 3763 1877 3806; x_wconf 90' lang='lat' dir='ltr'><strong>On</strong></span> <span class='ocrx_word' id='word_1_326' title='bbox 1903 3763 1990 3806; x_wconf 90' lang='lat' dir='ltr'><strong>the</strong></span> <span class='ocrx_word' id='word_1_327' title='bbox 2013 3766 2110 3812; x_wconf 77' lang='lat' dir='ltr'><strong>act.</strong></span> <span class='ocrx_word' id='word_1_328' title='bbox 2138 3763 2201 3806; x_wconf 79' lang='lat' dir='ltr'><strong>cf.</strong></span> <span class='ocrx_word' id='word_1_329' title='bbox 2227 3764 2273 3806; x_wconf 89' lang='lat'><strong>5.</strong></span> <span class='ocrx_word' id='word_1_330' title='bbox 2301 3764 2377 3806; x_wconf 85' lang='lat'><strong>49.</strong></span> <span class='ocrx_word' id='word_1_331' title='bbox 2410 3766 2451 3806; x_wconf 88' lang='lat'><strong>1.</strong></span> 
     </span>
     <span class='ocr_line' id='line_1_38' title="bbox 480 3829 1391 3881; baseline 0.001 -8"><span class='ocrx_word' id='word_1_332' title='bbox 480 3830 679 3874; x_wconf 86' lang='lat' dir='ltr'><strong>blood.’&#39;</strong></span> <span class='ocrx_word' id='word_1_333' title='bbox 738 3830 1016 3881; x_wconf 66' lang='lat' dir='ltr'><strong>gesturos:</strong></span> <span class='ocrx_word' id='word_1_334' title='bbox 1043 3840 1108 3872; x_wconf 88' lang='lat' dir='ltr'><strong>se.</strong></span> <span class='ocrx_word' id='word_1_335' title='bbox 1137 3829 1391 3874; x_wconf 71' lang='lat' dir='ltr'><strong>Romanos.</strong></span> 
     </span>
    </p>
   </div>
  </div>
 </body>
</html>
