2925 4375
376 260 571 313 xxxvi.
612 260 665 324 9]
1264 238 1502 309 LIBER
1539 258 1588 310 v
2382 262 2480 313 111

378 461 461 503 ne
512 461 580 503 se
632 440 895 521 quidem
947 460 1196 519 pacem,
1252 460 1450 519 quam
1503 439 1593 499 illi
1646 438 1969 515 adferant,
2024 439 2374 520 aspernari,
2425 440 2480 505 si

380 540 583 603 Gallis
650 540 992 619 egentibus
1062 560 1234 617 agr0,
1306 560 1503 619 quem
1571 538 1767 601 latius
1835 540 2212 618 possideant
2281 561 2479 620 quam

382 639 602 703 colant
656 639 917 714 Clusini,
974 646 1231 718 partem
1286 639 1513 701 finium
1569 638 1930 701 concedant
1941 660 1957 715 ;
2013 639 2200 703 aliter
2252 660 2479 720 pacem

312 754 345 795 4
379 738 716 819 impetrari
787 760 919 801 non
989 758 1195 818 posse.
1289 740 1376 801 Et
1421 759 1804 818 responsum
1875 759 2094 802 coram
2167 740 2480 804 Romanis

383 839 672 919 accipere
705 838 888 915 velle,
925 844 1012 914 et,
1048 838 1103 900 si
1136 846 1407 917 negetur
1441 858 1610 917 ager,
1647 859 1866 901 coram
1899 838 2130 901 iisdem
2166 840 2480 903 Romanis

380 939 826 1014 dimicaturOS,
906 946 982 1001 ut
1060 937 1363 1001 nuntiare
1440 939 1712 1000 domum
1788 947 2074 1018 possent,
2157 946 2480 1020 quantum

383 1038 551 1102 Galli
592 1040 838 1102 virtute
879 1046 1125 1101 ceteros
1166 1038 1474 1101 mortales
1512 1046 1938 1118 praestarent.

316 1154 348 1197 5
511 1139 859 1216 Quodnam
903 1139 967 1200 id
1013 1139 1113 1201 ius
1156 1145 1343 1214 esset,
1392 1160 1626 1217 agrumv
1665 1160 1704 1201 a
1746 1140 2219 1218 possessoribus
2262 1146 2480 1219 petere

385 1245 501 1302 aut
565 1239 799 1301 minari
862 1260 1063 1315 arma,
1132 1239 1447 1301 Romanis
1513 1239 1994 1319 quaerentibuS,
2061 1247 2128 1303 et
2192 1240 2348 1321 quid
2413 1240 2480 1301 in

386 1339 651 1403 Etruria
701 1339 791 1401 rei
843 1338 1043 1402 Gallis
1094 1344 1283 1414 esset,
1339 1359 1488 1401 cum
1540 1338 1630 1399 illi
1679 1359 1748 1400 se
1797 1338 1865 1400 in
1917 1340 2112 1402 armis
2163 1340 2264 1401 ius
2316 1338 2480 1401 ferre

383 1445 451 1501 et
482 1440 704 1501 omnia
734 1439 1003 1501 fortium
1037 1440 1325 1501 virorum
1356 1458 1494 1501 esse
1526 1438 1826 1500 ferociter
1854 1438 2162 1515 dicerent,
2199 1440 2481 1502 accensis

385 1540 715 1619 utrimque
766 1539 999 1601 animis
1050 1538 1133 1602 ad
1186 1559 1369 1601 arma
1416 1538 1799 1600 discurritur
1847 1542 1914 1600 et
1965 1539 2281 1617 proelium
2333 1560 2482 1601 con-

317 1652 349 1695 6
383 1638 635 1701 seritur.
728 1638 849 1715 Ibi,
896 1639 1048 1701 iam
1121 1638 1503 1717 urgentibus
1564 1639 1932 1700 Romanam
2005 1638 2232 1701 urbem
2305 1639 2478 1715 fatiS,

385 1737 579 1816 legati
633 1746 861 1801 contra
910 1738 1011 1802 ius
1063 1738 1355 1816 gentium
1402 1758 1586 1800 arma
1630 1738 1916 1817 capiunt.
2010 1739 2142 1801 Nec
2194 1738 2260 1799 id
2315 1739 2480 1801 clam

383 1857 521 1900 esse
561 1838 799 1918 potuit,
846 1859 995 1901 cum
1038 1844 1191 1901 ante
1231 1838 1416 1916 signa
1457 1839 1882 1900 Etruscorum
1924 1845 2056 1902 tres
2097 1838 2477 1901 nobilissimi

384 1936 848 2019 fortissimique
918 1940 1255 2001 Romanae
1321 1938 1685 2000 iuventutis
1752 1943 2118 2016 pugnarent
2129 1959 2145 2014 ;
2213 1944 2479 2001 tantum

317 2053 348 2096 7
382 2037 713 2100 eminebat
755 2038 1090 2116 peregrina
1129 2038 1357 2099 virtus.
1450 2036 1623 2112 Quin
1663 2036 1864 2099 etiam
1907 2037 1981 2113 Q.
2016 2038 2258 2100 Fabius
2297 2058 2483 2100 evec-

386 2143 493 2200 tus
536 2143 725 2201 extra
768 2138 971 2201 aciem
1015 2157 1183 2219 equo
1227 2137 1459 2200 ducem
1506 2135 1859 2213 Gallorum,
1890 2136 2188 2200 ferociter
2230 2137 2298 2199 in
2340 2137 2484 2218 ipsa

384 2237 569 2316 signa
642 2240 1065 2300 Etruscorum
1139 2237 1601 2313 incursantem,
1661 2257 1774 2317 per
1847 2237 2020 2299 latus
2093 2239 2482 2300 transfixum

387 2337 595 2400 hasta
631 2337 867 2400 occidit
879 2359 894 2413 3
950 2336 1285 2417 spoliaque
1340 2338 1476 2399 eius
1533 2336 1853 2415 legentem
1911 2335 2079 2399 Galli
2137 2357 2476 2416 agnovere,

386 2457 628 2518 perque
690 2444 901 2500 totam
968 2439 1170 2500 aciem
1235 2436 1610 2498 Romanum
1676 2435 1960 2514 legatum
2023 2456 2160 2498 esse
2221 2437 2477 2515 Signum

385 2535 616 2599 datum
656 2543 773 2600 est.

317 2653 351 2696 8
511 2636 768 2700 Omissa
798 2637 949 2699 inde
980 2637 1047 2701 in
1079 2636 1373 2699 Clusinos
1404 2636 1519 2711 ira,
1555 2636 1843 2714 receptui
1876 2643 2121 2699 canunt
2155 2636 2481 2699 minantes

387 2735 719 2799 Romanis
811 2739 1038 2812 Erant,
1080 2737 1192 2816 qui
1250 2735 1582 2814 extemplo
1633 2737 1925 2798 Romam
1987 2735 2274 2797 eundum
2337 2755 2482 2798 cen-

384 2842 626 2912 serent;
668 2835 877 2898 vicere
916 2837 1217 2911 senioreS,
1261 2843 1337 2898 ut
1379 2835 1575 2913 legati
1615 2835 1794 2914 prius
1833 2835 2252 2898 mitterentur
2293 2855 2481 2915 ques-

386 2941 529 2996 tum
565 2934 831 2997 iniurias
867 2935 1425 3014 postulatumque,
1465 2941 1541 2996 ut
1578 2955 1695 3013 pro
1731 2935 1868 2996 iure
1905 2935 2196 3013 gent-ium
2235 2934 2480 2998 violato
2524 3013 2525 3016 Ἴ

317 3052 350 3094 9
386 3034 570 3096 Fabii
621 3034 1029 3097 dederentur.
1121 3034 1349 3113 Legati
1393 3033 1726 3096 Gallorum
1781 3055 1928 3109 cum
1973 3055 2068 3110 ea,
2098 3034 2266 3098 sicut
2293 3040 2480 3097 erant

386 3134 719 3210 mandata,
793 3134 1264 3213 exposuissent,
1336 3133 1594 3196 senatui
1664 3154 1782 3196 nec
1855 3134 2106 3197 factum
2177 3133 2480 3213 placebat

386 3234 756 3310 Fabiorum,
808 3241 875 3296 et
924 3233 1023 3296 ius
1073 3232 1404 3312 postulare
1453 3232 1715 3295 barbari
1765 3233 2185 3310 videbantur;
2235 3233 2347 3296 sed
2398 3253 2480 3296 ne

382 3332 467 3408 id,
513 3333 688 3414 quod
732 3332 1053 3412 placebat,
1098 3332 1475 3395 decerneret
1517 3332 1585 3393 in
1627 3339 1856 3396 tantae
1897 3333 2258 3396 nobilitatis
2303 3333 2474 3408 viriS,

444 3586 492 3629 ⁸.
525 3585 614 3628 lus
669 3585 956 3636 centlum:
1010 3584 1157 3627 made
1209 3595 1278 3635 up
1332 3585 1383 3626 of
1483 3584 1636 3628 heads
1697 3585 1946 3638 prevailed
2018 3586 2158 3636 (with
2237 3587 2324 3633 the
2394 3585 2483 3630 ad-

380 3652 641 3705 principles
676 3663 905 3694 common
942 3656 996 3695 to
1033 3652 1098 3694 all
1134 3653 1301 3703 flente-3,
1340 3653 1381 3695 it
1481 3653 1665 3703 vice).”

378 3719 639 3770 especially
672 3719 909 3770 provided
942 3720 1055 3762 that
1087 3719 1227 3770 levati
1256 3730 1383 3762 were
1541 3721 1592 3763 9.
1626 3721 1864 3764 ambitio
1927 3721 2212 3765 obstabat:
2277 3721 2479 3774 “policy

377 3787 643 3830 inviolable
668 3787 765 3829 and
792 3787 1001 3829 neutral.
1479 3788 1800 3839 prevented.''
1863 3788 1966 3831 The
1998 3789 2135 3832 Fabii
2164 3800 2289 3832 were
2317 3799 2478 3841 prom-

442 3855 491 3899 8.
525 3855 704 3900 vicere
753 3855 1019 3900 seniores:
1071 3855 1198 3900 “the
1244 3854 1382 3898 older
1477 3855 1616 3899 inent
1646 3856 1834 3908 people.
