2925 4375
384 250 457 304 iv.
497 250 583 315 10]
1256 248 1490 301 LIBER
1525 248 1614 301 IX
2377 252 2478 307 143

314 444 344 483 4
378 430 665 494 diciones
708 429 887 511 pacis
932 450 1173 511 aequas
1218 428 1409 493 victis
1454 451 1528 493 ac
1574 429 1932 493 victoribus
1976 431 2138 493 fore:
2223 430 2277 493 si
2323 452 2475 509 agro

382 530 779 595 Samnitium
816 529 1253 605 decederetur‚
1293 529 1583 592 coloniae
1622 529 2118 606 abducerentur,
2156 529 2288 593 suis
2325 529 2476 591 inde

382 630 629 710 legibus
703 630 1079 692 Romanum
1153 649 1226 692 ac
1301 629 1662 692 Samnitem
1737 650 1944 709 aequo
2016 629 2272 691 foedere
2345 630 2477 691 vic-

315 744 343 784 5
382 737 625 793 turum.
716 730 839 793 His
875 728 1361 791 condicionibus
1395 736 1704 808 paratum
1751 749 1818 791 se
1866 749 2004 792 esse
2049 729 2278 791 foedus
2326 750 2474 791 cum

381 828 755 893 consulibus
792 830 1005 906 ferire;
1040 829 1096 892 si
1132 829 1289 909 quid
1326 849 1551 891 eorum
1588 828 1952 909 displiceat,
1989 827 2234 908 legatos
2269 829 2475 891 redire
2508 821 2511 825 ’

313 943 343 984 6
380 930 465 993 ad
520 950 589 993 se
646 930 879 991 vetuit.
971 929 1149 991 Haec
1208 949 1356 991 cum
1414 927 1650 1007 legatio
1706 930 2207 1005 renuntiaretur,
2246 934 2474 991 tantus

381 1030 662 1108 gemitus
708 1029 1003 1091 omnium
1050 1029 1269 1092 subito
1315 1035 1584 1090 exortus
1630 1034 1730 1091 est
1779 1035 2098 1108 tantaque
2147 1028 2477 1091 maestitia

380 1129 666 1205 incessit,
724 1135 801 1192 ut
858 1149 990 1191 non
1046 1129 1305 1209 gravius
1364 1128 1692 1207 accepturi
1750 1128 2143 1204 viderentur,
2200 1126 2256 1191 si
2311 1149 2477 1190 nun-

381 1230 657 1291 tiaretur
725 1228 1029 1291 omnibus
1098 1248 1173 1291 eo
1246 1227 1385 1290 loco
1458 1234 1737 1290 mortem
1807 1228 2246 1307 oppetendam
2316 1247 2472 1290 esse.

312 1344 342 1385 7
380 1329 545 1391 Cum
589 1328 703 1390 diu
745 1327 1075 1391 silentium
1120 1328 1367 1404 fuisset,
1398 1348 1514 1390 nec
1560 1327 1853 1391 consules
1897 1334 2012 1390 aut
2056 1348 2172 1407 pro
2215 1327 2473 1390 foedere

380 1434 521 1491 tam
577 1424 755 1508 turpi
812 1433 927 1490 aut
983 1434 1211 1490 contra
1265 1427 1494 1490 foedus
1548 1434 1689 1490 tam
1745 1428 2176 1490 necessarium
2232 1428 2474 1490 hiscere

380 1534 665 1607 possent,
751 1533 895 1590 tum
977 1529 1047 1588 L.
1133 1525 1466 1603 LemuIUS,
1545 1527 1658 1607 qui
1734 1526 2033 1607 princeps
2111 1525 2472 1607 legatorum

311 1644 345 1685 s
380 1628 624 1690 virtute
672 1634 871 1708 atque
917 1628 1269 1690 honoribus
1314 1633 1483 1689 erat:
1576 1628 1864 1706 ‘patrem
1939 1628 2185 1689 meum'
2237 1627 2472 1707 inquit,

380 1726 723 1803 ‘consules,
793 1748 985 1806 saepe
1055 1726 1276 1789 audivi
1344 1733 1818 1790 memorantem
1885 1747 1952 1789 se
2019 1727 2088 1788 in
2154 1726 2474 1806 Capitolio

378 1847 583 1889 unum
634 1848 768 1889 non
818 1827 1013 1889 fuisse
1066 1833 1398 1889 auctorem
1449 1826 1706 1889 senatui
1757 1825 2170 1889 redimendae
2223 1847 2380 1889 auro
2434 1848 2474 1889 a

378 1925 578 1990 Gallis
630 1927 937 2003 civitatis,
992 1925 1257 2007 quando
1308 1946 1427 1988 nec
1479 1925 1651 1989 fossa
1702 1926 2002 2005 valloque
2055 1927 2139 1989 ab
2190 1926 2474 2005 ignavis-

374 2026 540 2089 simo
598 2026 681 2089 ad
738 2047 936 2107 opera
993 2048 1067 2089 ac
1126 2026 1551 2088 muniendum
1608 2027 1794 2088 hoste
1853 2025 2052 2088 clausi
2107 2032 2346 2102 essent,
2406 2031 2474 2088 et

374 2146 730 2208 erumpere,
774 2126 823 2190 si
869 2148 1002 2190 non
1041 2126 1178 2190 sine
1221 2146 1458 2206 magno
1499 2125 1804 2207 pericu10,
1849 2132 2073 2189 tamen
2114 2126 2252 2188 sine
2295 2133 2474 2202 certa
2537 2200 2541 2205 ,

308 2245 339 2285 9
375 2228 655 2306 pernicie
698 2234 982 2308 possent.
1073 2225 1263 2302 Quod
1319 2227 1391 2302 si,
1450 2233 1528 2289 ut
1582 2226 1705 2288 illis
1760 2226 2096 2289 decurrere
2148 2246 2232 2288 ex
2286 2227 2474 2304 Capi-

375 2327 533 2413 tolio
583 2328 849 2390 armatis
897 2327 959 2389 in
1011 2328 1262 2390 hostem
1314 2325 1516 2402 licuit,
1567 2348 1698 2406 quo
1743 2346 1935 2406 saepe
1983 2326 2197 2390 modo
2225 2326 2470 2388 obsessi

374 2426 442 2488 in
512 2426 881 2490 obsidentes
952 2433 1326 2505 eruperunt,
1384 2427 1482 2489 ita
1536 2426 1722 2489 nobis
1795 2446 2002 2507 aequo
2060 2432 2176 2489 aut
2245 2425 2469 2505 iniquo

374 2525 513 2589 loco
556 2527 905 2589 dimicandi
951 2525 1412 2590 tantummodo
1456 2546 1607 2588 cum
1650 2527 1836 2588 hoste
1879 2525 2066 2604 copia
2105 2531 2294 2600 esset,
2339 2546 2470 2587 non

375 2625 533 2687 mihi
586 2627 842 2706 paterni
898 2625 1098 2690 animi
1152 2625 1401 2688 indoles
1454 2625 1525 2688 in
1579 2625 1843 2688 consilio
1913 2624 2130 2690 dando
2197 2625 2467 2687 deesset.

275 2745 334 2786 10
373 2725 695 2806 Equidem
748 2733 1025 2788 mortem
1074 2746 1191 2805 pro
1241 2725 1457 2803 patria
1505 2725 1904 2805 praeclaram
1951 2745 2088 2787 esse
2138 2725 2366 2799 fateor,
2405 2730 2473 2786 et

373 2844 477 2887 me
522 2824 624 2887 vel
669 2824 991 2888 devovere
1034 2847 1153 2905 pro
1197 2824 1439 2904 populo
1487 2826 1788 2888 Romano
1834 2824 2321 2904 legionibusque
2366 2821 2468 2885 vel

273 2946 329 2987 11
370 2923 439 2987 in
492 2924 738 2988 medios
792 2945 894 2988 me
947 2925 1302 2987 immittere
1355 2925 1575 2987 hostes
1626 2931 1896 3003 paratus
1947 2945 2113 2987 sum.
2204 2923 2328 2986 Sed
2367 2923 2470 2984 hic

434 3110 485 3154 4.
518 3111 791 3154 coloniae:
830 3109 1127 3154 established
1166 3113 1219 3152 at
1263 3110 1373 3152 Fre·
1473 3107 1544 3152 Cf.
1575 3109 1621 3154 5.
1651 3109 1726 3154 48.

373 3178 525 3228 gellae
547 3178 645 3220 and
671 3177 823 3227 Cales,
848 3187 967 3220 near
991 3177 1213 3220 Samnite
1235 3177 1374 3219 terri-
1532 3178 1584 3221 9.
1618 3177 1949 3228 eruperunt:
1993 3178 2200 3228 gnomic‚
2246 3177 2322 3219 for
2363 3185 2473 3218 cus-

372 3248 501 3297 tory.
1472 3247 1668 3296 tomary
1705 3245 1886 3288 action.
1957 3243 2178 3295 paterni
2221 3271 2235 3286 .
2277 3271 2292 3287 .
2334 3271 2351 3286 .
2387 3242 2472 3285 in·

436 3313 485 3355 8.
518 3311 905 3356 nuntiareturt
948 3310 1105 3354 either
1147 3311 1223 3353 for
1266 3311 1373 3363 plu·
1471 3309 1646 3354 dolent
1674 3311 1800 3361 “my
1827 3310 2030 3352 father's
2056 3309 2280 3353 mettle.”

372 3379 509 3432 perf..
555 3379 762 3422 because
804 3377 951 3420 made
992 3381 1372 3429 contemporary
1533 3379 1614 3420 10.
1648 3379 1942 3421 devovere:
1992 3386 2058 3420 sc.
2108 3376 2184 3418 dis
2221 3377 2470 3421 Manibus.

371 3446 492 3489 with
536 3447 815 3495 meterentur.
865 3455 919 3486 or
965 3454 1100 3486 more
1145 3444 1295 3497 likely
1341 3454 1371 3486 a
1469 3445 1548 3498 By
1580 3445 1681 3489 this
1719 3448 1800 3486 act
1851 3443 1938 3486 the
1986 3442 2202 3488 devotee.
2268 3443 2471 3486 became

372 3512 583 3565 possible
611 3512 705 3556 rut.
736 3513 863 3554 from
892 3511 978 3554 t-he
1006 3514 1120 3563 past
1151 3511 1289 3562 point
1320 3513 1369 3554 oi
1469 3512 1636 3556 sacred
1694 3516 1749 3555 to
1804 3511 1891 3554 the
1947 3511 2080 3560 gods,
2139 3511 2250 3552 who
2307 3509 2469 3552 would

371 3581 511 3623 view.
1466 3587 1655 3626 avenge
1725 3576 1800 3617 his
1870 3573 2175 3617 destruction
2245 3573 2313 3624 by
2384 3573 2471 3616 the

435 3648 484 3691 7.
518 3647 753 3691 hiscere:
779 3646 875 3688 “to
899 3648 1034 3689 utter
1060 3655 1089 3687 a
1114 3643 1371 3704 syllable&
1466 3654 1659 3695 enemy.
1715 3641 1780 3686 So
1803 3641 1980 3684 Decius
2003 3641 2112 3683 Mus
2132 3639 2231 3683 had
2254 3640 2469 3683 devoted

435 3715 485 3756 8.
518 3722 635 3756 non
664 3743 677 3756 .
706 3742 720 3756 .
748 3742 763 3756 .
787 3712 1035 3756 senatun
1061 3711 1292 3754 “refused
1317 3714 1371 3754 to
1466 3710 1662 3753 himself
1693 3709 1745 3752 in
1777 3711 1870 3751 340
1900 3721 1949 3752 B.
1983 3720 2027 3751 c.

372 3784 577 3833 support
623 3780 711 3824 the
753 3779 964 3822 senate’s
1008 3778 1176 3831 plan.''
1254 3778 1371 3821 This
1535 3777 1614 3822 11.
1649 3784 1749 3828 pro
1812 3784 1870 3818 se
1932 3775 2091 3825 ipsis:
2151 3773 2465 3824 rhetorically

372 3848 588 3894 incident
612 3849 653 3893 is
678 3851 764 3891 not
790 3846 1071 3891 mentioned
1098 3846 1368 3898 elsewhere.
1466 3845 1804 3898 representing
1835 3843 1987 3886 death
2014 3853 2069 3886 as
2091 3842 2184 3887 “in
2206 3842 2336 3887 their
2356 3851 2466 3883 own
