2925 4375
296 318 413 378 viii.
453 317 539 387 12]
806 286 810 291 ’
1162 308 1396 375 LIBER
1433 316 1522 374 1x
2288 316 2389 375 149

230 515 263 555 4
297 503 494 584 paciS.
584 504 724 583 Ego
765 509 1008 578 tamen,
1034 503 1297 582 quando
1338 523 1548 582 neque
1587 502 1668 565 de
1707 524 1881 565 noxa
1919 509 2142 565 nostra
2181 523 2390 584 neque

298 604 379 667 de
428 624 640 683 poena
688 603 1050 679 rettulistiS,
1102 604 1343 665 omissa
1388 602 1780 678 defensione,
1832 622 2000 682 quae
2048 624 2178 665 non
2226 602 2391 664 diffi-

299 703 538 767 cillima
574 710 742 766 esset
782 703 957 782 apud
997 703 1172 765 haud
1211 703 1469 782 ignaros
1506 703 1917 765 fortunarum
1956 703 2388 765 humanarum

297 804 935 883 necessitatiumque,
988 804 1381 866 sententiam
1433 803 1514 865 de
1563 823 1660 879 e0‚
1711 802 1794 865 de
1844 823 1974 882 quo
2024 802 2387 879 rettulistiS,

296 904 522 986 paucis
559 924 883 983 peragam.
980 903 1162 978 Quae
1209 903 1537 966 sententia
1586 903 1771 965 testis
1820 904 1961 978 erit,
2016 903 2255 965 mihine
2306 924 2390 965 an

298 1004 655 1084 legionibus
718 1004 948 1066 vestris
1010 1004 1423 1083 pepercerim,
1490 1023 1638 1064 cum
1701 1023 1803 1064 me
1864 1023 1977 1065 seu
2039 1001 2215 1082 turpi
2275 1023 2389 1065 seu

230 1116 261 1159 5
298 1104 659 1168 necessaria
736 1103 1080 1183 sponsione
1159 1102 1480 1165 obstrinxi
1490 1123 1506 1179 ,·
1588 1124 1720 1183 qua
1799 1109 2041 1178 tamen,
2125 1102 2390 1183 quando

297 1205 546 1267 iniussu
587 1203 810 1283 populi
851 1204 1030 1265 facta
1068 1209 1187 1278 est,
1232 1224 1364 1265 non
1405 1209 1666 1265 tenetur
1706 1201 1984 1282 populus
2027 1202 2385 1278 RomanuS,

298 1325 415 1367 nec
446 1304 797 1383 quicquam
824 1323 906 1365 ex
932 1323 1010 1365 ea
1036 1309 1495 1382 praeterquam
1525 1323 1794 1381 corpora
1819 1308 2043 1364 nostra
2069 1301 2390 1381 debentur

230 1414 263 1457 6
294 1404 721 1467 Samnitibus.
833 1402 1167 1465 Dedamur
1251 1422 1364 1481 per
1449 1401 1699 1490 fetiales
1785 1401 1943 1464 nudi
2029 1402 2361 1481 vinctique
2370 1422 2388 1479 ,·

298 1502 713 1566 exsolvamus
766 1502 1067 1580 religione
1119 1501 1455 1582 populum,
1512 1502 1566 1563 si
1620 1523 1750 1581 qua
1802 1501 2251 1580 obligavimuS,
2307 1522 2389 1564 ne

299 1602 456 1683 quid
490 1602 695 1664 divini
729 1602 1081 1664 humanive
1112 1602 1351 1677 obstet,
1388 1622 1519 1680 quo
1553 1602 1766 1675 minus
1799 1601 2043 1664 iustum
2077 1602 2389 1681 piumque

232 1715 264 1757 7
297 1702 378 1765 de
428 1703 679 1781 integr-o
730 1702 987 1764 ineatur
1022 1700 1282 1773 bellum.
1379 1700 1640 1763 Interea
1691 1701 1980 1763 consules
2030 1702 2388 1764 exercitum

296 1802 590 1877 scribere,
643 1822 912 1876 armare,
960 1801 1231 1863 educere
1278 1800 1513 1880 placet,
1565 1821 1680 1863 nec
1727 1802 1905 1879 prius
1951 1801 2197 1880 ingredi
2243 1802 2390 1864 hos-

297 1902 465 1964 tium
520 1903 700 1976 fines,
760 1921 961 1981 quam
1015 1902 1237 1963 omnia
1289 1901 1464 1963 iusta
1519 1901 1586 1962 in
1641 1899 2039 1963 deditionem
2096 1908 2388 1964 nostram

230 2013 262 2056 8
296 2001 585 2088 perfecta
634 2007 844 2064 erunt.
941 2001 1092 2076 Vos,
1132 2000 1221 2062 dii
1272 1999 1691 2075 immortales,
1729 2021 1954 2080 precor
1995 2022 2385 2081 quaesoque,

295 2102 350 2164 si
406 2101 593 2164 vobis
650 2122 781 2163 non
837 2101 963 2163 fuit
1020 2100 1196 2163 cordi
1253 2102 1361 2180 Sp.
1422 2101 1854 2176 Postumium,
1911 2102 1984 2162 T.
2045 2101 2386 2163 Veturium

230 2213 261 2256 9
297 2200 591 2265 consules
632 2223 778 2264 cum
820 2202 1222 2264 Samnitibus
1261 2221 1564 2281 prospere
1604 2201 1845 2263 bellum
1885 2222 2118 2280 gerere,
2163 2209 2232 2264 at
2273 2223 2388 2265 vos

294 2302 455 2365 satis
527 2301 825 2364 habeatis
897 2301 1132 2364 vidisse
1203 2323 1321 2364 nos
1391 2302 1516 2364 sub
1574 2301 1797 2381 iugum
1858 2302 2104 2377 miSSOS,
2153 2301 2388 2364 vidisse

296 2402 641 2480 sponsione
677 2401 908 2463 infami
943 2387 1283 2480 obligatos„
1324 2401 1542 2464 videre
1579 2401 1788 2464 nudos
1825 2401 2208 2481 vinctosque
2243 2402 2389 2464 hos-

298 2501 474 2564 tibus
535 2501 811 2577 deditos,
874 2521 1134 2564 omnem
1195 2502 1358 2564 iram
1419 2502 1707 2563 hostium
1768 2501 2004 2564 nostris
2065 2501 2389 2581 capitibus

200 2615 261 2655 10
296 2601 691 2680 excipientes
702 2623 718 2678 ;
751 2622 955 2663 novos
987 2600 1278 2664 consules
1309 2600 1718 2681 legionesque
1750 2603 2083 2664 Romanas
2113 2601 2209 2664 ita
2239 2621 2388 2664 cum

298 2701 590 2764 Samnite
641 2721 877 2780 gerere·
900 2701 1144 2764 bellum
1194 2700 1427 2776 velitis,
1481 2708 1555 2764 ut
1603 2701 1825 2764 omnia
1872 2708 2024 2764 ante
2074 2722 2190 2764 nos
2240 2722 2390 2763 con-

200 2815 254 2855 11
296 2800 466 2864 sules
528 2800 696 2863 bella
755 2808 937 2880 gesta
996 2801 1193 2864 sunt.'
1298 2800 1481 2875 Quae
1542 2801 1655 2863 ubi
1712 2801 1900 2877 dixit,
1948 2807 2141 2864 tanta
2196 2800 2387 2864 simul

297 2900 646 2963 admiratio
701 2901 1157 2981 miseratioque
1211 2901 1332 2963 viri
1384 2901 1644 2964 incessit
1697 2902 2009 2977 homines,
2065 2908 2140 2964 ut
2193 2900 2388 2964 modo

297 3001 411 3062 vix
468 3000 801 3063 crederent
856 3000 1037 3063 illum
1092 3000 1371 3064 eundem
1426 3021 1563 3063 esse
1620 3003 1726 3080 Sp.
1787 3001 2218 3076 Postumium,
2278 3002 2388 3080 qui

203 3115 261 3156 12
298 3106 527 3163 auctor
592 3107 731 3162 tam
797 3101 1024 3163 foedae
1089 3101 1266 3180 pacis
1332 3101 1578 3176 fuisset,
1648 3100 1842 3164 modo
1909 3102 2385 3174 miserarentur,

298 3200 475 3280 quod
514 3200 612 3261 vir
649 3199 799 3263 talis
834 3201 1033 3263 etiam
1072 3200 1495 3280 praecipuum
1534 3201 1707 3280 apud
1746 3201 1963 3263 hostes
1999 3201 2388 3281 supplicium

296 3319 604 3379 passurus
649 3306 818 3362 esset
862 3300 948 3362 ob
991 3299 1154 3362 iram
1200 3299 1562 3379 diremptae
1607 3301 1802 3380 pacis.

361 3620 411 3662 ⁸.
442 3618 744 3669 Dedamur,
775 3621 890 3661 etc.:
926 3618 1011 3660 the
1044 3618 1218 3661 advice
1244 3619 1295 3661 of
1455 3620 1504 3661 7.
1539 3618 1798 3661 seribere:
1855 3617 2098 3661 “enroll.”
2185 3617 2391 3668 placet:

296 3686 582 3728 Postumius
625 3688 679 3727 to
723 3684 800 3726 his
844 3689 1168 3736 countrymen
1213 3685 1295 3728 be-
1392 3696 1456 3727 se.
1490 3684 1625 3727 mihi.

297 3763 460 3795 comes
486 3752 641 3804 cheap
668 3752 879 3795 heroism
906 3753 955 3794 in
984 3752 1069 3794 the
1094 3752 1216 3802 light
1245 3753 1296 3794 or
1454 3752 1506 3792 8.
1540 3751 1714 3794 cordi:
1742 3761 1820 3793 see
1845 3762 1908 3793 on
1940 3753 1980 3794 1.
2008 3753 2053 3794 4.

296 3819 372 3862 his
406 3818 677 3868 obligation
712 3823 766 3861 to
802 3819 887 3862 the
921 3819 1181 3862 Samnites,
1250 3819 1296 3862 11
1457 3819 1537 3860 12.
1572 3827 1837 3869 passurus
1866 3819 2034 3862 estet:
2063 3817 2265 3860 “would
2294 3827 2393 3859 cer-

296 3894 435 3938 nua:
462 3897 526 3930 sc.
555 3888 795 3938 relictoue.
1394 3887 1554 3939 tainly
1575 3887 1848 3936 undergo;”
1872 3897 1950 3928 see
1972 3896 2036 3928 on
2058 3885 2220 3934 essent,
2247 3886 2291 3928 7.
2319 3884 2391 3926 15.
