2925 4375
381 412 418 451 4
456 420 603 479 que.

391 1408 422 1451 7
456 1397 631 1459 iuris.

460 235 640 274 xxxv.
681 218 735 284 2]

1330 216 1566 270 LIBER
1601 216 1691 269 III
2087 249 2092 251 -
2497 218 2563 271 91

695 400 1044 462 Versarent
1106 398 1175 459 in
1239 400 1473 460 animis
1533 416 1753 461 secum
1818 417 2353 477 unamquamque
2404 417 2561 473 rem,

459 499 786 577 agitarent
834 497 1068 560 deinde
1114 497 1521 559 sermonibus
1571 503 1771 575 atque
1819 497 1886 558 in
1933 496 2241 572 medium,
2293 497 2449 577 quid
2498 498 2566 559 in

387 612 421 652 5
458 618 721 677 quaque
755 618 823 659 re
858 596 1003 676 plus
1040 598 1339 658 minusve
1374 602 1563 670 esset,
1604 596 1998 658 conferrent:
2033 616 2142 657 eas
2178 596 2346 674 leges
2382 597 2566 659 habi-

457 704 683 760 turum
719 696 1036 777 populum
1076 697 1472 771 Romanum,
1513 716 1676 775 quas
1715 716 2063 757 consensus
2100 697 2394 758 omnium
2433 717 2564 759 non

458 798 716 860 iussisse
756 796 923 859 latas
961 796 1165 874 magis
1205 816 1402 874 quam
1442 795 1668 857 tulisse
1709 795 1912 857 videri
1951 802 2189 873 posset.

585 898 748 959 Cum
819 896 900 958 ad
969 916 1258 958 rumores
1327 896 1665 956 hominum
1734 896 1815 957 de
1884 915 2280 976 unoquoque
2348 896 2561 975 legum

459 998 675 1077 capite
758 997 969 1060 editos
1052 996 1211 1058 satis
1296 1001 1622 1057 correctae
1700 995 2097 1071 viderentur,
2184 996 2564 1059 centuriatis

458 1098 739 1160 comitiis
782 1096 1005 1159 decem
1050 1094 1425 1158 tabularum
1471 1094 1638 1173 leges
1682 1094 1972 1175 perlatae
2015 1102 2190 1171 sunt,
2237 1096 2350 1176 qui
2392 1117 2563 1158 nunc

460 1216 723 1278 quoque
790 1195 861 1257 in
926 1197 1049 1259 hoc
1114 1196 1433 1257 immenso
1502 1194 1775 1257 aliarum
1840 1214 2035 1273 super
2101 1194 2258 1258 alias
2306 1214 2566 1257 acerva-

458 1303 679 1359 tarum
725 1295 940 1376 legum
989 1296 1249 1357 cumulo
1299 1296 1443 1357 fons
1493 1295 1704 1357 omnis
1753 1294 1998 1374 publici
2045 1295 2418 1375 privatique
2466 1302 2565 1357 est

724 1397 1045 1475 Vulgatur
1116 1395 1349 1457 deinde
1430 1416 1654 1457 rumor
1735 1395 1899 1457 duas
1981 1395 2201 1457 deesse
2283 1394 2586 1470 tabulas,-

460 1497 699 1577 quibus
734 1496 1022 1573 adiectis,
1058 1495 1309 1558 absolvi
1340 1515 1529 1575 posse
1561 1495 1743 1557 velut
1775 1516 2008 1576 corpus
2040 1496 2252 1557 omnis
2282 1495 2566 1558 Romani

459 1597 633 1659 iuris.

727 1598 823 1659 Ea
884 1596 1278 1675 expectatiO,
1324 1616 1474 1657 cum
1538 1595 1674 1657 dies
1740 1595 2153 1658 comitiorum
2219 1595 2566 1674 adpropin-

392 1706 425 1751 8
459 1703 715 1776 quaret,
740 1696 1130 1758 desiderium
1164 1695 1567 1758 decemviros
1601 1696 1839 1757 iterum
1873 1694 2136 1758 creandi
2169 1695 2342 1757 fecit.
2424 1695 2564 1757 Iam

462 1796 663 1876 plebS,
720 1802 1179 1876 praeterquam
1234 1794 1409 1874 quod
1465 1794 1804 1857 consulum
1858 1814 2098 1858 nomen
2152 1794 2328 1857 haud
2382 1814 2565 1857 secus

463 1916 663 1976 quam
712 1916 937 1973 regum
988 1915 1217 1975 perosa
1265 1901 1426 1970 erat,
1480 1914 1561 1956 ne
1611 1894 2034 1957 tribunicium
2087 1894 2352 1975 quidem
2407 1915 2565 1956 aux-

463 1995 666 2071 ilium,
752 1995 1132 2059 cedentibus
1214 1994 1281 2056 in
1364 1994 1574 2056 vicem
1658 1993 2080 2073 appellationi
2163 1993 2563 2069 decemviris,

463 2096 839 2176 quaerebat.

588 2197 871 2258 XXXV.
921 2198 1282 2276 Postquam
1307 2216 1459 2258 vero
1485 2196 1752 2258 comitia
1772 2195 2156 2259 decemviris
2181 2195 2476 2257 creandis
2498 2194 2566 2256 in

397 2305 431 2348 2
462 2296 709 2358 trinum
744 2297 1113 2359 nundinum
1150 2296 1399 2358 indicta
1434 2302 1610 2370 sunt,
1647 2302 1840 2358 tanta
1873 2296 2118 2358 exarsit
2157 2295 2450 2370 ambitio,
2490 2301 2566 2357 ut

463 2397 775 2474 primores
798 2397 1059 2476 quoque
1084 2395 1371 2458 civitatis
1390 2431 1472 2437 —
1489 2403 1690 2470 metu,
1713 2396 1924 2472 credo,
1946 2415 2027 2457 ne
2051 2396 2224 2458 tanti
2249 2395 2564 2474 possessio

463 2494 737 2574 imperii,
770 2517 978 2558 vacuo
1010 2495 1095 2558 ab
1122 2515 1190 2557 se
1219 2495 1443 2557 relicto
1476 2495 1635 2571 1000,
1668 2496 1844 2558 haud
1875 2495 2036 2558 satis
2067 2495 2277 2574 dignis
2308 2500 2566 2575 pateret

465 2628 547 2637 —
571 2583 951 2674 prensarent
987 2595 1300 2670 homines,
1340 2595 1652 2657 honorem
1685 2616 1946 2658 summa
1979 2615 2102 2675 ope
2139 2616 2178 2658 a
2209 2616 2278 2658 se
2311 2596 2567 2674 impug-

465 2701 699 2756 natum
749 2695 833 2757 ab
879 2717 958 2758 ea
1004 2695 1213 2775 plebe,
1266 2715 1415 2756 cum
1464 2716 1599 2773 qua
1647 2695 2144 2771 contenderant,
2182 2695 2565 2774 suppliciter

526 2929 575 2971 4.
609 2931 925 2974 versarent:
953 2949 996 2963 ==
1024 2931 1197 2972 versate
1255 2931 1306 2972 in
1371 2929 1461 2973 dir.

464 2994 581 3038 disc.
636 2997 699 3038 ln
722 2997 977 3040 medium
1002 3027 1016 3040 .
1044 3026 1057 3039 .
1085 3026 1098 3039 .
1121 2998 1463 3039 conterrent:

468 3062 651 3112 “bring
705 3074 772 3114 up
828 3065 903 3106 for
958 3074 1085 3115 open
1142 3063 1463 3106 discussion.”

466 3128 591 3179 plus
621 3129 904 3173 minusve:
934 3130 1219 3173 “excessive
1245 3141 1301 3172 or
1327 3130 1465 3172 inad-

466 3197 696 3245 equate.”
764 3205 880 3239 non
920 3226 933 3239 .
974 3226 987 3239 .
1028 3226 1041 3238 .
1078 3197 1297 3241 tulisse:
1336 3197 1463 3240 “not

466 3272 521 3305 so
550 3263 698 3305 much
728 3267 782 3306 to
813 3264 940 3306 have
972 3263 1123 3307 voted
1156 3264 1283 3306 their
1313 3263 1465 3316 adop-

467 3330 572 3371 tion
595 3329 737 3371 when
763 3331 1017 3381 proposed.
1047 3342 1100 3371 as
1126 3335 1178 3373 to
1203 3331 1331 3373 have
1356 3341 1466 3381 pro·

466 3396 615 3446 posed
648 3396 785 3439 them
817 3397 892 3438 for
923 3397 1213 3448 adoption.”

529 3467 578 3508 ο.
614 3464 684 3507 ad
717 3471 968 3505 rumores
994 3493 1007 3506 .
1033 3493 1046 3506 .
1072 3493 1088 3511 .,
1107 3464 1309 3507 edlton:
1346 3465 1469 3506 “ac-

466 3530 675 3580 cording
727 3533 781 3572 to
825 3530 911 3572 the
953 3531 1101 3573 views
1154 3532 1464 3582 expressed.''

382 3651 385 3654 ἢ
466 3595 591 3640 font
618 3626 633 3639 .
660 3625 675 3639 .
702 3625 716 3639 .
737 3597 899 3639 iuris:
922 3598 1041 3648 they
1062 3609 1187 3639 were
1209 3609 1391 3647 graven
1413 3599 1464 3640 in

466 3662 658 3712 bronze.
686 3664 859 3715 posted
891 3665 984 3712 (57.
1016 3665 1109 3715 10).
1137 3665 1236 3706 and
1269 3665 1466 3706 accord-

466 3732 550 3780 ing
570 3735 623 3772 to
648 3731 812 3772 Cicero
840 3730 920 3778 (de
943 3731 1055 3781 Leg.
1083 3736 1125 3776 2.
1154 3731 1223 3782 9),
1259 3742 1381 3773 even
1414 3733 1464 3776 in

466 3797 541 3840 hls
574 3799 693 3841 time
714 3807 839 3838 were
860 3795 1052 3839 learned
1071 3797 1139 3848 by
1154 3797 1462 3848 schoolboys.

1626 2931 1679 2975 8.,
1711 2929 2062 2974 cedentibus:
2136 2929 2222 2973 the
2294 2929 2563 2972 decemvirs

1564 2994 1725 3039 would
1794 3009 1902 3039 now
1969 2998 2109 3039 allow
2176 2997 2376 3049 appeals
2438 2998 2562 3039 from

1565 3075 1657 3106 one
1701 3065 1752 3106 of
1810 3065 1936 3106 their
1984 3065 2191 3106 number
2238 3068 2291 3106 to
2339 3064 2558 3112 another,

1565 3131 1771 3172 because
1804 3131 1889 3173 the
1921 3131 2048 3181 plebs
2080 3130 2178 3172 had
2212 3130 2401 3172 waived
2437 3131 2562 3172 their

1564 3197 1935 3240 constitutional
1988 3197 2258 3246 defenderS,
2308 3197 2393 3240 the
2445 3197 2564 3239 trib-

1564 3275 1698 3307 unes·

1627 3329 1840 3374 XXXV.
1897 3333 1944 3376 1.
1999 3331 2062 3373 ln
2101 3330 2320 3374 trinum
2359 3331 2564 3374 numn-

1564 3405 1730 3440 num:
1766 3398 1882 3439 “for
1900 3399 2000 3440 ,the
2032 3397 2163 3439 third
2195 3399 2387 3440 market
2412 3397 2562 3448 day.''

1562 3465 1640 3507 i.e.
1674 3465 1800 3506 after
1825 3469 1876 3506 at
1903 3465 2026 3506 least
2053 3468 2318 3506 seventeen
2345 3465 2484 3515 days.

1625 3532 1675 3573 2.
1708 3531 1924 3574 relicto:
1948 3531 2264 3574 conditional.
2322 3539 2355 3574 a
2379 3540 2435 3574 se
2458 3532 2562 3573 lm-

1563 3598 1910 3648 pugnatum:
1946 3598 2142 3639 “which
2177 3599 2297 3649 they
2331 3598 2428 3640 had
2465 3599 2558 3640 for·

1565 3665 1717 3715 merly
1747 3664 2014 3715 opposed‚”
2043 3665 2251 3707 because
2279 3665 2491 3714 through
2522 3665 2560 3706 it

1565 3731 1649 3773 the
1684 3731 1810 3780 plebs
1843 3741 1969 3774 were
2002 3741 2138 3774 more
2171 3730 2322 3782 likely
2359 3735 2412 3774 to
2449 3730 2562 3780 gain

1564 3797 1768 3847 ground.
