2925 4375
442 264 510 315 32
1357 260 1421 314 T.
1459 259 1619 313 L1vl
2342 261 2461 328 [vii.
2504 264 2540 315 3

569 440 896 506 Palatium
933 440 1236 521 primum,
1276 439 1342 503 in
1378 460 1510 522 quo
1545 440 1683 521 ipse
1718 446 1857 504 erat
1894 440 2232 519 educatus,
2271 442 2533 505 muniit.

441 541 641 607 Sacra
674 541 798 604 diis
833 541 973 605 aliis
1009 541 1260 604 Albano
1297 541 1447 617 ritu,
1480 540 1725 605 Graeco
1762 540 2046 617 Herculi,
2081 547 2159 603 ut
2196 541 2280 604 ab
2316 542 2539 605 Euan-

442 641 560 705 dro
599 641 908 704 instituta
945 645 1151 718 erant,
1193 640 1370 703 facit.

566 741 754 803 VIII.
804 741 1026 804 Rebus
1084 739 1322 802 divinis
1379 739 1503 803 rite
1562 739 1952 821 perpetratis
2016 747 2383 822 vocataque
2448 741 2536 803 ad

384 915 394 927 ἱ
443 840 786 904 concilium
846 840 1285 917 multitudine,
1333 859 1502 922 quae
1562 841 1913 903 coalescere
1962 841 2031 903 in
2073 840 2298 921 populi
2338 840 2537 903 unius

444 959 676 1020 corpus
716 939 893 1002 nulla
932 959 999 1002 re
1037 942 1513 1021 praeterquam
1536 940 1783 1019 legibus
1821 945 2102 1019 poterat,
2142 940 2287 1003 iura
2323 940 2534 1017 dedit;

443 1060 610 1122 quae
662 1041 758 1102 ita
809 1046 1037 1103 sancta
1090 1039 1302 1118 generi
1354 1040 1693 1101 hominum
1747 1040 1985 1117 agresti
2036 1041 2172 1102 fore
2222 1046 2423 1116 ratUS‚
2478 1040 2536 1101 si

441 1158 509 1203 se
578 1139 715 1219 ipse
786 1138 1220 1203 venerabilem
1288 1139 1647 1218 insignibus
1715 1138 1968 1219 imperii
2037 1140 2311 1216 fecisset,
2384 1159 2535 1201 cum

443 1246 655 1302 cetero
715 1240 946 1302 habitu
1006 1258 1072 1301 se
1133 1238 1591 1318 augustiorem,
1650 1244 1798 1302 tum
1858 1239 2141 1301 maxime
2200 1238 2537 1302 lictoribus

442 1339 784 1401 duodecim
837 1340 1118 1418 sumptis
1170 1339 1344 1401 fecit.
1444 1339 1571 1401 Alii
1625 1339 1709 1402 ab
1762 1357 2031 1401 numero
2085 1337 2328 1415 avium,
2366 1359 2536 1419 quae

442 1438 709 1518 augurio
765 1457 1034 1518 regnum
1089 1439 1577 1519 portenderant,
1632 1458 1785 1500 eum
1837 1446 2135 1502 secutum
2188 1458 2534 1501 numerum

441 1543 710 1618 putant;
750 1558 852 1601 me
891 1538 1066 1601 haud
1106 1537 1399 1617 paenitet
1435 1558 1661 1601 eorum
1700 1538 2062 1601 sententiae
2098 1557 2255 1615 esse,
2296 1538 2576 1619 quibus·

440 1644 507 1699 et
569 1638 974 1718 apparitores
1035 1639 1156 1700 hoc
1219 1657 1418 1717 genus
1482 1639 1566 1700 ab
1631 1638 1922 1700 Etruscis
1984 1638 2295 1714 finitimiS,
2357 1637 2535 1700 unde

440 1738 595 1801 sella
621 1738 876 1815 curuliS,
905 1738 1080 1801 unde
1105 1745 1261 1817 toga
1285 1743 1630 1817 praetexta
1655 1744 1923 1817 sumpta
1946 1744 2065 1813 est,
2094 1743 2161 1800 et
2188 1757 2534 1800 numerum

441 1858 700 1919 quoque
742 1838 958 1917 ipsum
1002 1838 1276 1899 ductum
1318 1838 1532 1917 placet
1544 1859 1561 1915 3
1604 1844 1670 1899 et
1714 1838 1810 1900 ita
1852 1837 2154 1899 habuisse
2199 1838 2530 1913 EtruscOS‚

441 1938 615 2017 quod
660 1957 743 1999 ex
786 1938 1129 2000 duodecim
1173 1938 1432 2017 populis
1478 1937 1911 2000 communiter
1954 1941 2172 2023 creato
2216 1956 2361 2016 rege
2404 1936 2537 1999 sin-

441 2036 621 2115 gulos
663 2038 897 2117 singuli
940 2038 1166 2117 populi
1209 2037 1466 2100 lictores
1509 2036 1823 2100 dederint.

563 2138 906 2202 Crescebat
955 2138 1215 2201 interim
1260 2135 1418 2198 urbs
1465 2136 1936 2200 munitionibus
1984 2136 2109 2200 alia
2157 2143 2356 2218 atque
2405 2136 2535 2200 alia

441 2237 809 2317 adpetendo
847 2238 1006 2314 loca,
1047 2257 1194 2299 cum
1231 2237 1297 2299 in
1333 2256 1515 2317 spem
1554 2239 1757 2316 magis
1793 2237 2052 2300 futurae
2090 2237 2533 2300 multitudinis

440 2358 638 2418 quam
669 2338 752 2400 ad
781 2337 868 2414 id,
897 2337 1072 2419 quod
1101 2345 1247 2401 tum
1279 2337 1617 2399 hominum
1646 2343 1806 2413 erat,
1834 2337 2181 2399 munirent.
2259 2336 2529 2414 Deinde,

441 2456 520 2498 ne
567 2458 738 2500 vana
782 2437 962 2499 urbis
1006 2435 1388 2516 magnitudo
1433 2441 1623 2513 esset,
1672 2435 2046 2499 adiciendae
2090 2435 2535 2515 multitudinis

437 2655 683 2701 Herculi:
723 2665 816 2698 one
854 2655 905 2698 of
941 2655 1018 2697 his
1056 2653 1233 2698 twelve
1269 2654 1434 2697 labors

441 2733 538 2764 was
558 2727 610 2765 to
631 2723 770 2765 drive
789 2722 858 2764 off
878 2722 1116 2774 Geryon's
1136 2721 1286 2764 cattle
1307 2722 1433 2764 from

440 2789 605 2840 Spain.
667 2789 806 2832 After
831 2788 1060 2838 reaching
1085 2788 1172 2831 the
1199 2789 1343 2830 Tiber
1369 2799 1434 2830 on

438 2855 513 2898 his
540 2858 722 2904 return,
755 2854 1002 2904 Hercules.
1032 2854 1175 2897 while
1203 2854 1430 2906 sleeping.

437 2933 538 2964 was
577 2921 762 2964 robbed
805 2922 856 2963 ot
897 2921 982 2964 the
1024 2921 1130 2964 best
1174 2921 1324 2963 cattle
1366 2921 1433 2972 by

439 2988 525 3031 the
559 2991 776 3030 monster
813 2988 981 3030 Cacus.
1053 2984 1284 3030 Hercules
1320 2987 1431 3030 slew

440 3056 592 3097 Cacus
649 3055 728 3103 (cf.
786 3055 905 3097 Aen.
960 3059 1004 3100 8.
1066 3055 1152 3096 193
1189 3054 1294 3103 ⁴ff.).
1335 3053 1431 3096 and

439 3121 524 3164 the
551 3121 672 3164 local
703 3120 844 3169 ruler,
878 3120 1108 3163 Evander
1143 3122 1206 3169 (5.
1239 3121 1305 3170 2),
1338 3120 1434 3163 dis-

438 3177 642 3231 covered
679 3188 754 3230 his
788 3187 1002 3238 identity
1038 3187 1132 3229 and
1173 3186 1433 3229 dedicated

439 3265 502 3297 an
529 3254 656 3297 altar
683 3258 735 3297 to
761 3255 877 3303 him,
907 3254 1027 3296 with
1055 3253 1210 3296 Greek
1238 3253 1435 3296 observ-

438 3332 582 3364 ances
607 3322 658 3364 in
685 3321 769 3364 the
795 3331 944 3364 sacra.

503 3386 640 3430 VIII.
678 3387 725 3429 1.
758 3387 888 3430 tlte:
919 3387 1008 3429 “in
1037 3386 1136 3430 due
1164 3387 1345 3430 form.''

500 3455 548 3496 2.
581 3455 666 3496 ita
696 3484 709 3497 .
740 3483 752 3496 .
783 3484 795 3496 .
819 3455 891 3496 ci:
917 3454 1226 3505 ‘'only—ii‚”
1253 3465 1282 3496 a
1307 3464 1438 3496 com-

435 3533 551 3564 mon
585 3522 860 3564 restrictiori
894 3521 944 3563 in
983 3521 1122 3572 Livy.
1189 3528 1247 3563 ce
1299 3521 1439 3572 ipse:

437 3599 514 3632 see
539 3599 603 3630 on
629 3589 785 3631 Praei.
814 3590 857 3631 2.
914 3586 1158 3630 fecisset:
1197 3587 1288 3630 fut.
1318 3588 1437 3638 peri.

437 3656 562 3697 from
578 3654 664 3698 the
679 3658 789 3706 past
807 3655 946 3706 point
964 3654 1015 3696 of
1041 3653 1179 3697 view.
1213 3653 1438 3698 habitu:

441 3721 822 3773 “equipment;''
861 3721 958 3763 abl.
999 3721 1050 3762 of
1088 3721 1435 3772 specification.

500 3790 548 3831 8.
596 3797 752 3831 eum:
815 3787 935 3830 with
997 3797 1260 3834 numerum,
1326 3797 1439 3838 sup-

438 3855 608 3909 plying
642 3854 893 3898 Romulum
926 3864 980 3896 as
1012 3853 1111 3903 obj.
1145 3853 1197 3897 oi
1228 3854 1435 3896 secutum

1542 2654 1696 2703 (esse).
1758 2653 1859 2698 The
1886 2654 2131 2706 emphasis
2156 2654 2197 2696 is
2224 2665 2288 2697 on
2315 2655 2536 2706 explain-

1535 2724 1618 2772 ing
1638 2723 1736 2766 this
1758 2724 1979 2766 number.
2034 2724 2373 2766 sententiae:
2394 2725 2534 2776 pred.

1536 2799 1662 2840 poss,
1733 2788 1937 2839 quibu:
1980 2817 1994 2832 .
2037 2818 2050 2830 .
2092 2819 2105 2832 .
2143 2788 2349 2841 piacet:
2378 2807 2421 2822 τε
2448 2791 2535 2841 qui

1535 2855 1718 2906 putant.
1776 2855 2141 2906 apparuerat:
2165 2867 2230 2898 sc.
2254 2857 2414 2898 ductos
2437 2867 2536 2900 esse

1534 2921 1658 2963 from
1701 2922 1893 2963 ductum
1937 2921 2105 2965 below.
2182 2921 2287 2966 hoc
2330 2931 2535 2974 genus:

1536 2989 1618 3030 “of
1640 2988 1738 3031 this
1759 2988 1934 3036 kind;”
1984 2989 2099 3032 adv.
2139 3000 2239 3032 acc.
2310 2988 2415 3032 lta:
2454 2991 2535 3034 i.e.

1533 3053 1633 3096 had
1658 3054 1847 3103 twelve‚
1874 3065 1927 3096 as
1950 3054 2207 3107 explained
2231 3055 2283 3097 in
2304 3055 2390 3098 the
2412 3057 2537 3106 quod

1534 3120 1710 3169 clause,
1731 3121 1965 3171 referring
1997 3125 2050 3164 to
2076 3121 2161 3164 the
2193 3121 2328 3173 early
2362 3121 2536 3168 Etrus-

1534 3197 1627 3229 can
1655 3186 1841 3238 league.

1598 3255 1647 3296 4.
1682 3263 1816 3297 cum
1852 3284 1865 3296 .
1904 3285 1915 3296 .
1954 3285 1966 3297 .
2000 3255 2316 3299 munirent:
2348 3256 2532 3300 causal.

1535 3321 1598 3363 in
1628 3329 1809 3372 spem:
1842 3321 1927 3364 the
1958 3321 2187 3365 so-called
2220 3321 2336 3364 final
2367 3333 2453 3365 use
2482 3325 2537 3366 ot

1536 3387 1607 3430 in.
1670 3387 1758 3430 See
1787 3386 1977 3430 Introd.
2004 3388 2061 3430 V.
2087 3392 2130 3432 3.
2155 3402 2192 3432 e.
2216 3391 2303 3441 (1).
2358 3389 2430 3432 ad
2458 3389 2532 3438 id.

1539 3455 1713 3505 quod:
1742 3455 1829 3498 the
1851 3460 1985 3498 nent.
2011 3455 2234 3498 followed
2268 3457 2335 3506 by
2363 3467 2392 3497 a
2424 3467 2537 3507 par-

1541 3522 1684 3564 titive
1736 3532 1843 3571 gen.
1897 3521 2197 3573 emphasizes
2248 3522 2334 3565 the
2387 3522 2534 3572 slight

1539 3587 1829 3638 population
1861 3588 1913 3630 of
1944 3588 2055 3631 that
2088 3587 2202 3638 day.

1604 3658 1651 3698 ⁶.
1684 3656 1870 3698 vetere
1894 3657 2146 3699 consilio:
2172 3657 2456 3708 “following
2470 3667 2537 3699 an

1541 3720 1621 3762 old
1644 3720 1861 3764 device.”
1927 3721 2319 3766 condentium:
2351 3733 2429 3765 see
2453 3723 2535 3764 In-

1542 3789 1669 3831 trod.
1696 3791 1751 3832 V.
1779 3793 1821 3833 4.
1846 3791 1881 3841 j.
1912 3792 1999 3840 (2).
2068 3791 2395 3833 conciendo:
2458 3801 2537 3834 see

1541 3865 1604 3898 on
1626 3857 1850 3906 venando,
1877 3858 1920 3898 4.
1945 3858 1989 3899 8.
2044 3856 2259 3908 natam,
2295 3860 2406 3900 etc.:
2436 3857 2537 3900 this
