2925 4375
293 259 433 330 xliv.
476 259 531 325 2]
1158 257 1392 313 LIBER
1430 258 1523 312 111
1967 236 1976 247 “’
2013 240 2020 247 ’
2317 262 2388 314 97

295 448 449 505 rant
494 438 940 521 expeditionis.
973 436 1131 503 eius
1151 437 1440 515 comites,
1480 445 1553 503 ut
1585 458 1735 503 eum
1769 446 2140 520 opportuno
2175 441 2389 503 adorti

224 558 255 597 4
292 538 439 603 loco
483 540 937 602 interficerent.
1029 538 1227 601 Haud
1272 538 1556 601 inultum
1593 538 1968 611 interfecere
1980 561 1995 616 ,·
2041 561 2194 602 nam
2223 540 2391 603 circa

297 647 771 720 repugnantem
824 640 1072 719 aliquot
1123 638 1533 701 insidiatores
1584 638 1885 715 cecidere,
1940 660 2088 701 cum
2138 640 2275 719 ipse
2324 659 2391 703 se

298 739 710 820 praevalidus
758 738 899 819 pari
949 738 1192 800 viribus
1241 737 1457 801 animo
1508 738 1990 801 circumventus
2040 745 2387 803 tutaretur.

225 858 257 899 5
299 840 360 901 N
364 840 628 902 untiant
671 838 739 899 in
782 844 996 902 castra
1032 837 1227 900 ceteri
1264 838 1768 917 praecipitatum
1811 838 1880 899 in
1922 838 2186 902 insidias
2228 860 2364 904 esse
2375 862 2391 917 ς

298 940 576 1002 Siccium
618 938 867 1019 egregie
907 944 1310 1018 pugnantem
1354 936 1721 1017 militesque
1763 937 2082 1017 quosdam
2127 962 2274 1003 cum
2315 961 2392 1003 eo

226 1056 259 1098 6
299 1040 588 1103 amissos.
680 1039 896 1100 Primo
924 1037 1084 1100 fides
1125 1037 1587 1099 nuntiantibus
1628 1037 1781 1115 fuit;
1825 1038 2120 1117 profecta
2159 1040 2392 1103 deinde

299 1140 528 1202 cohors
570 1138 651 1201 ad
693 1137 1093 1217 sepeliendos
1134 1137 1246 1217 qui
1288 1136 1654 1199 ceciderant
1695 1137 2210 1201 decemvirorum
2253 1159 2394 1219 per-

299 1240 520 1315 misSU,
554 1245 905 1319 postquam
936 1237 1188 1299 nullum
1217 1235 1570 1315 spoliatum
1601 1236 1691 1297 ibi
1724 1257 1956 1317 corpus
1986 1239 2392 1320 Sicciumque

299 1339 368 1401 in
428 1339 640 1401 medio
699 1339 1019 1400 iacentem
1081 1343 1429 1412 armatum,
1494 1336 1798 1399 omnibus
1857 1336 1924 1399 in
1983 1358 2134 1399 eum
2195 1341 2393 1402 versis

301 1440 695 1517 corporibus,
766 1438 1003 1514 videre,
1073 1436 1361 1499 hostium
1427 1455 1638 1516 neque
1706 1426 1938 1516 corpus
2005 1438 2208 1501 ullum
2275 1459 2392 1502 nec

302 1539 576 1616 vestigia
638 1538 1041 1613 abeuntium,
1090 1536 1385 1617 profecto
1449 1535 1532 1599 ab
1595 1535 1728 1599 suis
1789 1535 2206 1600 interfectum
2262 1559 2394 1601 me-

228 1656 260 1698 7
299 1646 629 1701 morantes
646 1638 953 1700 rettulere
970 1657 1221 1715 corpus
1298 1634 1725 1716 Invidiaeque
1744 1635 1936 1715 plena
1954 1645 2168 1702 castra
2183 1646 2390 1715 erant,

299 1744 366 1800 et
412 1738 687 1800 Romam
728 1737 878 1799 ferri
917 1736 1215 1816 protinus
1255 1724 1534 1799 Siccium
1575 1734 1897 1815 placebat,
1939 1737 2006 1798 ni
2046 1738 2394 1801 decemviri

300 1837 495 1900 funus
552 1837 830 1899 militare
885 1836 943 1899 ei
998 1836 1261 1916 publica
1314 1835 1610 1914 impensa
1664 1834 1874 1897 facere
1931 1844 2388 1901 maturassent.

300 1937 607 2016 Sepultus
668 1937 914 2015 ingenti
992 1936 1274 1998 militum
1353 1934 1704 2011 maestitia,
1784 1936 2066 2015 pessima
2143 1938 2395 2002 decem-

303 2036 585 2099 virorum
626 2037 693 2099 in
733 2036 965 2115 vulgus
1004 2036 1182 2098 fama
1218 2041 1337 2097 est.

229 2155 252 2198 1
424 2137 661 2202 XLIV.
712 2136 1017 2218 Sequitur
1045 2135 1217 2198 aliud
1255 2135 1322 2198 in
1350 2135 1510 2198 urbe
1537 2134 1719 2199 nefas
1748 2136 1831 2199 ab
1861 2135 2123 2200 libidine
2151 2144 2390 2214 ortum,

300 2237 474 2300 haud
540 2237 753 2300 minus
820 2236 1009 2299 foedo
1074 2241 1337 2311 eventu,
1397 2255 1600 2315 quam
1673 2238 1848 2316 quod
1923 2257 2036 2316 per
2092 2245 2392 2318 stuprum

300 2337 693 2418 caedemque
721 2336 1057 2399 Lucretiae
1083 2337 1242 2404 urbe
1267 2355 1594 2415 regnoque
1614 2335 1999 2416 Tarquinios
2033 2338 2391 2417 expulerat,

301 2443 376 2499 ut
428 2457 559 2499 non
626 2437 771 2500 finis
820 2437 1031 2499 solum
1085 2435 1255 2498 idem
1315 2435 1714 2510 decemviris,
1777 2436 1888 2516 qui
1946 2438 2221 2516 regibus,
2280 2437 2391 2501 sed

300 2557 497 2599 causa
527 2537 725 2600 etiam
762 2537 990 2600 eadem
1028 2534 1279 2615 imperii
1317 2535 1666 2597 amittendi
1700 2541 1890 2598 esset.

426 2637 547 2716 Ap.
621 2637 963 2699 Claudium
1035 2634 1297 2714 virginis
1367 2634 1657 2715 plebeiae
1726 2636 2126 2716 stuprandae
2197 2636 2394 2700 libido

226 2755 261 2796 2
299 2736 491 2815 cepit.
583 2737 778 2799 Pater
830 2736 1114 2815 virginis,
1171 2737 1240 2797 L.
1287 2734 1647 2814 VerginiuS,
1702 2735 2049 2798 honestum
2102 2736 2393 2799 ordinem

299 2835 368 2897 in
417 2835 647 2914 Algido
699 2836 1002 2911 ducebat,
1057 2835 1156 2895 vir
1203 2833 1485 2913 exempli
1535 2834 1694 2896 recti
1745 2835 1922 2897 domi
1974 2835 2390 2918 militiaeque.

299 2934 575 3000 Perinde
628 2956 793 2998 uxor
846 2935 1155 2998 instituta
1208 2933 1441 3009 fuerat,
1489 2934 1802 3013 liberique
1857 2935 2389 2999 instituebantur.

365 3173 414 3215 4.
448 3169 613 3215 Haud
633 3168 914 3212 inultum:
942 3168 1069 3210 “not
1084 3168 1295 3212 without
1459 3167 1639 3212 XLIV.
1676 3170 1723 3212 1.
1758 3171 2069 3222 expulerat:
2143 3174 2220 3216 Le.
2297 3174 2396 3216 had

296 3237 472 3287 telung
484 3238 799 3280 resistance.''
857 3237 1079 3279 circaz=
1102 3237 1294 3278 circum.
1396 3238 1574 3279 caused
1609 3238 1736 3280 their
1767 3240 2045 3290 expulsion;
2078 3241 2396 3293 brachylogy.

295 3305 418 3357 pari
448 3333 461 3346 .
490 3333 503 3346 .
531 3334 545 3346 .
568 3305 785 3347 ammo:
835 3304 994 3346 “with
1027 3314 1057 3346 a
1088 3313 1297 3352 courage
1457 3305 1514 3346 2.
1543 3305 1852 3348 honestum
1911 3307 2165 3350 ormnem
2228 3337 2242 3351 .
2384 3337 2398 3350 .

294 3371 443 3421 equal
469 3375 523 3414 to
548 3371 622 3412 his
648 3371 925 3420 strength.”
1396 3372 1661 3416 ducebat:
1706 3374 1844 3414 “was
1886 3375 2081 3425 serving
2121 3386 2175 3417 as
2215 3386 2245 3418 a
2287 3386 2398 3419 cen-

362 3440 412 3481 0.
444 3439 631 3482 videre
666 3466 681 3480 .
717 3466 730 3480 .
768 3467 780 3479 .
811 3437 1103 3481 rettulere:
1134 3448 1299 3487 agree·
1396 3441 1561 3482 turion
1577 3441 1698 3482 with
1715 3441 2054 3485 distinction.’'
2101 3442 2398 3495 liberique:

294 3509 435 3548 ment
463 3505 723 3555 according
748 3508 801 3547 to
828 3516 980 3548 sense.
1396 3508 1488 3550 but
1520 3511 1572 3550 at
1605 3510 1680 3551 45.
1712 3510 1742 3550 9
1775 3508 2001 3558 Verginia
2030 3511 2072 3552 is
2101 3512 2248 3553 unica
2277 3512 2398 3563 filia.

362 3577 411 3618 ’1.
444 3574 554 3616 est:
586 3572 703 3616 with
740 3573 966 3622 sepultus.
1398 3576 1470 3618 cf.
1503 3576 1622 3618 Gell.
1664 3580 1706 3619 2.
1750 3577 1805 3618 13
1842 3577 2031 3627 antiqui
2065 3578 2207 3620 etiam
2244 3589 2397 3621 unum

295 3646 422 3690 XLI
429 3646 542 3688 V-X
546 3645 732 3690 LVIII.
762 3647 805 3688 7.
824 3645 1010 3688 XLIX.
1038 3645 1121 3689 LI.
1143 3647 1297 3689 11-13.
1397 3643 1553 3694 filium
1579 3643 1784 3693 filiamve
1813 3644 2052 3686 “liberos''
2078 3645 2398 3695 appellarunt.

367 3713 504 3756 THE
548 3713 767 3757 STORY
813 3712 899 3756 OF
949 3713 1325 3762 VERGINIA‚··
1398 3710 1501 3752 The
1539 3709 1750 3752 German
1790 3711 1969 3754 “Welb
2007 3712 2110 3754 und
2148 3713 2320 3757 Kind'’
2358 3715 2400 3760 is

364 3779 503 3823 ΗΕΒ
539 3778 1018 3823 PE'RSECUTION
1056 3779 1150 3821 BY
1188 3779 1301 3821 ΑΡ-
1398 3777 1484 3819 the
1510 3787 1701 3819 reverse
1727 3779 1957 3830 practice.

332 3845 539 3902 ,PIUs
574 3851 577 3856 '
