2925 4375
206 178 219 191 ⁶
265 217 380 295 3³1·
422 213 506 279 16]

1129 212 1365 264 LIBER
1401 211 1490 265 IX

2176 231 2181 236 ·
2255 214 2362 268 159

265 398 335 463 in
378 416 571 477 opere
614 396 760 475 quis
804 415 923 474 par
958 393 1258 456 Romano
1305 392 1524 456 miles?
1611 360 1780 469 Quis'
1817 392 1898 457 ad
1945 392 2356 457 tolerandum

267 498 554 561 laborem
618 495 877 557 melior?

982 494 1131 556 Uno
1192 495 1434 575 proelio
1501 494 1713 557 victus
1763 494 2128 571 Alexander
2190 493 2358 557 bello

268 598 483 667 victus
529 602 698 658 esset
708 616 724 672 3
774 595 1167 671 Romanum,
1220 614 1414 673 quem
1462 593 1801 669 Caudium,
1854 613 2047 673 quem
2095 594 2356 656 Cannae

170 708 233 751 10
268 717 400 760 non
438 696 785 774 fregerunt,
819 713 986 773 quae
1024 694 1315 771 fregisset
1356 694 1558 755 acies?
1638 692 1735 755 Ne
1772 693 1874 754 ille
1911 713 2123 772 saepe,
2151 694 2352 755 etiam

266 798 320 860 si
354 796 566 876 prima
599 814 900 875 prospere
934 794 1319 869 evenissent,
1358 794 1584 855 Persas
1606 799 1672 855 et
1698 792 1896 855 Indos
1928 799 1996 855 et
2029 792 2355 861 imbellem

268 896 491 958 Asiam
557 894 932 975 quaesisset,
1000 900 1067 956 et
1134 914 1279 955 cum
1348 893 1604 955 feminis
1667 893 1789 955 sibi
1854 892 2094 955 bellum
2161 892 2356 955 fuisse

168 1007 225 1048 11
266 996 557 1070 dixisset,
611 993 785 1074 quod
840 994 1019 1073 Epiri
1069 1014 1284 1071 regem
1336 992 1800 1068 Alexandrum,
1832 992 2166 1055 mortifero
2219 991 2359 1054 vul-
2431 1021 2436 1026 ·

269 1116 419 1157 nere
454 1095 679 1170 ictum,
710 1093 946 1155 dixisse
989 1093 1226 1168 ferunt,
1272 1099 1514 1155 sortem
1558 1092 1872 1155 bellorum
1915 1092 1983 1154 in
2025 1092 2182 1155 Asia
2223 1112 2359 1170 ges-

168 1207 233 1248 12
267 1202 487 1257 torum
531 1194 615 1257 ab
658 1194 778 1255 hoc
821 1194 960 1273 ipso
1003 1193 1235 1279 iuvene
1279 1213 1427 1255 cum
1471 1213 1592 1255 sua
1632 1192 2091 1255 conferentem.
2159 1192 2360 1272 Equi-

267 1295 437 1370 dem,
489 1314 637 1356 cum
685 1314 800 1373 per
846 1313 1049 1356 annos
1097 1299 1413 1372 quattuor
1458 1299 1526 1355 et
1574 1292 1805 1371 viginti
1851 1293 2060 1372 primo
2109 1293 2356 1354 Punico

267 1393 436 1456 bello
463 1393 773 1455 classibus
799 1399 1123 1456 certatum
1150 1413 1299 1455 cum
1327 1393 1560 1455 Poenis
1584 1392 1901 1469 recordor,
1931 1393 2043 1453 vix
2070 1398 2356 1455 aetatem

166 1504 231 1547 13
268 1493 619 1555 Alexandri
660 1493 1081 1555 suffecturam
1125 1493 1320 1555 fuisse
1363 1513 1507 1555 reor
1545 1492 1627 1555 ad
1673 1513 1874 1554 unum
1949 1491 2189 1554 bellum
2200 1511 2216 1568 ;
2290 1497 2356 1553 et

269 1592 563 1668 forsitan,
619 1613 766 1655 cum
818 1599 886 1655 et
938 1591 1303 1654 foederibus
1355 1593 1634 1654 vetustis
1684 1592 1910 1655 iuncta
1958 1612 2058 1653 res
2110 1592 2360 1653 Punica

270 1693 609 1755 Romanae
651 1698 839 1768 esset,
886 1698 953 1754 et
998 1692 1199 1754 timor'
1237 1712 1357 1771 par
1402 1691 1711 1754 adversus
1755 1712 2167 1755 communem
2212 1691 2360 1753 hos-

269 1799 403 1855 tem
460 1792 623 1855 duas
678 1791 1161 1872 potentissimas
1218 1792 1413 1855 armis
1470 1778 1750 1871 virisque
1804 1792 1995 1854 urbes
2051 1797 2354 1866 armaret,

168 1905 230 1946 14
266 1891 458 1956 simul
535 1892 779 1955 Punico
856 1893 1284 1971 Romanoque
1358 1892 1634 1954 obrutus
1708 1891 1873 1953 bello
1931 1897 2119 1953 esset.

2211 1889 2360 1952 Non

269 1992 533 2075 quidem
580 1992 948 2055 Alexandro
992 1992 1154 2054 duce
1199 2012 1314 2055 nec
1359 1992 1627 2070 integris
1672 1990 2100 2053 Macedonum
2144 1991 2356 2065 rebUS,

268 2094 381 2157 sed
446 2092 698 2173 experti
762 2099 986 2155 tamen
1048 2098 1203 2155 sunt
1270 2092 1554 2154 Romani
1620 2090 2039 2154 Macedonem
2103 2091 2359 2153 hostem

272 2194 581 2257 adversus
621 2193 1036 2269 Antiochum,
1077 2193 1472 2272 Philippum,
1514 2193 1768 2268 Persen,
1809 2213 1942 2254 non
1977 2191 2172 2254 modo
2211 2211 2359 2253 cum

172 2307 234 2350 15
271 2293 453 2356 clade
482 2293 632 2369 ulla,
664 2292 775 2356 sed
806 2313 887 2355 ne
915 2313 1064 2354 cum
1094 2293 1377 2372 periculo
1408 2292 1672 2372 quidem
1701 2313 1838 2354 suo.
1893 2291 2082 2354 Absit
2112 2291 2360 2353 invidia

272 2394 470 2456 verbo
504 2400 571 2456 et
606 2393 821 2456 civilia
853 2391 1022 2454 bella
1054 2392 1312 2455 sileant:
1380 2412 1742 2472 numquam
1779 2393 1861 2454 ab
1895 2393 2116 2472 equite
2149 2392 2355 2466 hoste,

270 2514 630 2573 numquam
689 2515 727 2556 a
781 2492 1019 2573 pedite,
1078 2513 1439 2572 numquam
1499 2498 1726 2572 aperta
1783 2493 1936 2568 acie,
1998 2510 2359 2572 numquam

271 2593 511 2673 aequiS,

593 2593 821 2672 utique
901 2612 1261 2671 numquam
1342 2593 1604 2654 nostris·
1659 2591 1813 2654 locis
1893 2591 2360 2666 laboravimus;

173 2709 235 2751 16
268 2693 578 2773 equitem,
636 2693 929 2770 sagittaS,
988 2691 1193 2755 saltus
1249 2691 1619 2771 impeditOS,
1680 2692 1831 2755 avia
1888 2691 2363 2754 commeatibus

266 3009 368 3040 was
402 3008 433 3040 a
466 2999 596 3039 most
632 2995 862 3045 crushing
896 2995 1059 3038 defeat
1094 2995 1145 3038 in
1181 2995 1266 3038 the

268 3064 367 3109 2nd
396 3065 550 3108 Punic
574 3073 690 3107 war.
750 3063 852 3105 The
888 3063 1084 3104 Roman
1117 3063 1267 3104 losses

268 3143 395 3175 were
444 3130 692 3181 variously
745 3133 835 3182 put
887 3133 940 3172 at
991 3130 1165 3179 5o‚000
1213 3132 1268 3172 to

270 3199 457 3249 70‚000.
516 3199 587 3241 Cf.
616 3200 691 3240 22.
716 3198 793 3239 50.
820 3198 865 3240 3.

332 3267 411 3308 10.
444 3267 545 3310 Ne:
568 3266 659 3308 “in
681 3264 872 3307 truth.'’

331 3333 411 3379 11.
444 3341 569 3376 sua:
622 3343 688 3374 sc.
711 3333 828 3374 sorte
852 3331 909 3374 in
933 3331 1094 3376 Italia.

332 3401 412 3443 12.
444 3398 735 3442 classibus:
763 3398 848 3440 the
879 3399 951 3440 lst
982 3397 1138 3440 Punic
1165 3407 1268 3439 war

268 3480 393 3520 gave
416 3468 574 3510 Rome
597 3476 887 3517 supremacy
911 3475 980 3507 on
1005 3465 1090 3507 the
1116 3464 1267 3506 Medi-

268 3539 541 3579 terranean.
618 3533 690 3577 Cf.
734 3533 811 3576 21.
860 3533 902 3576 1.
945 3533 992 3576 5.
1067 3530 1266 3574 nunec-

269 3604 463 3647 turam
512 3600 710 3645 mimz
760 3598 1019 3648 suffecisset
1068 3598 1121 3641 in
1172 3596 1264 3641 dir.

266 3671 385 3714 disc.

332 3737 410 3780 13.
444 3735 714 3779 armaret:
742 3734 914 3776 “must
941 3732 1071 3776 have
1096 3731 1263 3774 armed

266 3805 402 3854 them
413 3804 458 3855 ;'’
485 3804 668 3861 jussive
694 3801 1025 3856 subjunctive.

1427 2997 1507 3039 15.
1541 2995 1702 3040 Absit
1722 2995 1937 3038 invidia
1960 2995 2152 3038 verbo:
2184 2994 2292 3038 “let
2322 2995 2363 3037 it

1363 3061 1425 3104 be
1452 3062 1558 3105 said
1579 3063 1789 3105 without
1813 3062 1994 3114 envy‚''
2022 3063 2099 3104 Le.
2130 3061 2216 3104 the
2243 3061 2365 3112 gods

1362 3130 1521 3180 might
1562 3129 1624 3174 be
1663 3127 1889 3172 offended
1931 3128 2000 3180 by
2039 3128 2229 3176 boasts;
2269 3128 2362 3173 but

1364 3197 1572 3239 obvious
1601 3196 1946 3246 exaggeration
1975 3194 2177 3237 follows,
2239 3203 2365 3238 non-

1365 3264 1465 3307 trin
1477 3272 1491 3307 ε
1538 3264 1549 3282 ·
1557 3263 1567 3280 ‘
1578 3261 1880 3305 favorable.'’
1956 3261 2363 3306 laboravimus:

1367 3329 1536 3372 “have
1601 3340 1676 3371 we
1742 3325 1952 3370 suffered
2021 3326 2282 3376 disaster;”
2311 3344 2354 3360 ==

1364 3397 1476 3440 victi
1499 3406 1728 3439 summus.

1427 3465 1507 3506 18.
1540 3464 1810 3514 equitem,
1840 3462 2104 3513 sagittas:
2130 3462 2366 3513 referring

1364 3535 1418 3573 to
1462 3531 1550 3574 the
1594 3531 1856 3573 Parthians
1899 3529 2064 3572 whose
2106 3528 2362 3572 horsemen

1364 3597 1651 3647 discharged
1685 3597 1896 3639 showers
1929 3597 1982 3638 of
2015 3606 2206 3638 arrows·
2228 3606 2362 3648 upon

1365 3664 1449 3707 the
1462 3663 1749 3714 legionaries
1765 3662 1864 3706 and
1882 3663 2001 3706 then
2018 3661 2203 3705 dashed
2220 3673 2362 3714 away

1364 3730 1485 3774 with
1508 3731 1786 3774 “Parthian
1808 3730 1978 3773 shots'’
2001 3728 2185 3772 behind
2207 3729 2360 3773 them.

1364 3797 1542 3844 saltus
1571 3798 1896 3853 impeditos:
1927 3798 1989 3844 ct.
2021 3798 2065 3842 2.
2099 3799 2143 3844 7.
