2925 4375
316 418 344 457 2

315 718 344 758 3

314 1520 344 1560 4

316 1822 344 1861 5

318 2422 348 2464 6

381 225 450 278 58
1266 220 1329 273 T.
1369 220 1529 274 LIVI
2281 222 2395 287 [xli.
2440 227 2465 277 1

378 403 698 466 destituat
753 421 919 482 speS,
978 400 1104 463 alia
1159 401 1479 481 praesidia
1537 401 1819 463 molitur.
1921 402 2142 465 Servio
2197 423 2468 483 propere

381 504 587 565 accito
649 521 797 563 cum
856 520 1061 580 paene
1118 520 1513 579 exsanguem
1574 501 1785 561 virum
1844 502 2253 578 ostendisset,
2314 504 2471 565 dex-

379 610 552 665 tram
591 609 821 664 tenens
859 607 1025 676 orat,
1068 620 1148 661 ne
1188 599 1466 662 inultam
1509 606 1787 663 mortem
1826 602 2048 678 soceri,
2092 622 2171 664 ne
2212 622 2469 665 socrum

379 702 654 765 inimicis
701 700 978 763 ludibrio
1025 720 1162 762 esse
1210 701 1402 763 sinat.
1500 701 1745 761 ‘Tuum
1792 701 1922 763 est'
1959 702 2207 782 inquit,·
2234 704 2467 779 ‘Servi,

379 803 431 863 si
479 802 578 863 vir
620 820 707 876 eS,
755 820 1045 879 regnum,
1092 821 1223 863 non
1265 820 1511 876 eorum,
1559 800 1671 880 qui
1717 800 1939 863 alienis
1985 802 2285 865 manibus
2328 823 2472 883 pes-

379 903 616 965 simum
653 901 905 964 facinus
947 901 1170 962 fecere.
1264 900 1452 979 Erige
1500 906 1567 963 te
1614 900 1898 981 deosque
1939 901 2137 964 duces
2183 922 2469 984 sequere,

380 1003 492 1083 qui
539 1003 784 1064 clarum
832 1003 951 1063 hoc
999 1001 1134 1063 fore
1182 1006 1380 1079 caput
1427 999 1651 1063 divino
1698 1001 2033 1081 quondam
2082 1002 2470 1067 circumfuso

379 1102 511 1181 igni
545 1102 1036 1181 portenderunt.
1126 1100 1314 1161 Nunc
1351 1107 1418 1162 te
1453 1099 1566 1162 illa
1594 1100 1886 1163 caelestis
1914 1102 2155 1165 excitet
2185 1104 2470 1179 flamma,

380 1222 551 1264 nunc
607 1201 1044 1281 expergiscere
1099 1220 1267 1262 vere.
1370 1202 1457 1263 Et
1500 1219 1618 1263 nos
1659 1201 1977 1279 peregrini
2032 1204 2445 1281 regnavimus
2456 1225 2473 1281 ;

380 1302 492 1383 qui
543 1303 649 1378 sis,
704 1323 836 1364 non
884 1301 1059 1363 unde
1111 1307 1307 1363 natus
1358 1299 1465 1376 siS,
1522 1306 1773 1379 reputa.

381 1402 646 1465 consilia
687 1407 971 1482 torpent,
1019 1407 1088 1463 at
1130 1407 1204 1463 tu
1249 1420 1394 1462 mea
1438 1398 1703 1463 consilia
1746 1420 2030 1480 sequere.

504 1503 667 1564 Cum
728 1502 971 1563 clamor
1026 1501 1439 1580 impetusque
1501 1500 1942 1562 multitudinis
2002 1504 2113 1563 vix
2172 1503 2474 1565 sustineri

297 1678 308 1682 -
379 1609 618 1682 posset,
651 1621 734 1663 ex
761 1601 1087 1681 superiore
1117 1608 1304 1679 parte
1336 1600 1595 1661 aedium
1626 1620 1740 1679 per
1770 1601 2085 1663 fenestras
2113 1602 2183 1665 in
2217 1603 2475 1665 Novam

382 1702 556 1764 viam
605 1720 825 1763 versas
849 1736 932 1744 —
955 1700 1302 1763 habitabat
1349 1700 1523 1761 enim
1571 1719 1685 1760 rex
1733 1700 1814 1762 ad
1867 1702 2043 1763 Iovis
2092 1704 2368 1765 Statoris
2393 1738 2478 1747 —

380 1800 694 1880 populum
741 1800 1061 1881 Tanaquil
1109 1799 1503 1879 adloquitur.
1597 1800 1791 1862 Iubet
1838 1800 2010 1864 bono
2059 1802 2275 1865 animo
2310 1822 2476 1865 esse:

381 1902 668 1980 sopitum
719 1902 913 1963 fuisse
963 1920 1176 1979 regem
1227 1900 1445 1962 subito
1493 1899 1630 1961 ictu
1643 1920 1658 1975 3
1709 1900 1950 1961 ferrum
2000 1902 2176 1964 haud
2230 1902 2357 1965 alte
2405 1902 2478 1965 in

383 2020 616 2081 corpus
654 2001 1057 2063 descendisse
1069 2021 1083 2077 ;
1122 2000 1254 2062 iam
1295 1999 1378 2062 ad
1420 2018 1488 2060 se
1527 1999 1764 2060 redisse
1776 2021 1791 2077 ;
1830 2000 2199 2079 inspectum
2239 2003 2479 2065 vulnus

384 2101 672 2164 absterso
736 2120 957 2163 cruore
969 2122 984 2177 ;
1044 2100 1265 2163 omnia
1323 2099 1609 2161 salubria
1668 2119 1803 2160 esse
1815 2120 1830 2175 ;
1893 2101 2213 2163 confidere
2274 2123 2477 2182 prope

383 2202 555 2263 diem
611 2202 826 2281 ipsum
883 2221 993 2264 eos
1052 2201 1302 2264 visuros
1313 2221 1328 2277 3
1386 2200 1648 2263 interim
1708 2202 1931 2264 Servio
1988 2202 2197 2265 Tullio
2256 2203 2477 2265 iubere

383 2301 695 2382 populum
756 2302 932 2365 dicto
995 2285 1367 2363 audientem
1427 2319 1591 2376 esse;
1651 2320 1801 2362 eum
1861 2301 2003 2364 iura
2062 2303 2475 2366 redditurum

382 2402 846 2482 obiturumque
886 2401 1011 2463 alia
1048 2401 1213 2479 regis
1252 2400 1476 2462 munia
1513 2419 1669 2462 esse.
1762 2403 2021 2464 Servius
2060 2423 2208 2464 cum
2248 2403 2478 2466 trabea

381 2509 451 2564 et
499 2501 833 2564 lictoribus
879 2501 1118 2580 prodit,
1171 2521 1245 2563 ac
1293 2500 1444 2561 sede
1493 2501 1666 2578 regia
1714 2501 1942 2563 sedens
1992 2503 2117 2565 alia
2165 2503 2474 2579 decernit,

385 2602 464 2663 de
508 2602 646 2663 aliis
689 2601 1139 2665 consulturum
1181 2619 1249 2661 se
1291 2619 1506 2678 regem
1547 2619 1683 2662 esse
1727 2602 2009 2664 simulat.
2100 2603 2335 2683 Itaque
2362 2623 2480 2683 per

386 2702 635 2782 aliquot
704 2701 860 2778 dies,
912 2722 1059 2762 cum
1128 2701 1261 2762 iam
1332 2699 1726 2778 exspirasset
1795 2699 2205 2781 Tarquinius,
2262 2703 2473 2766 celata

385 2809 593 2864 morte
651 2820 766 2881 per
824 2802 1102 2880 speciem
1164 2801 1409 2862 alienae
1469 2800 1836 2878 fungendae
1900 2802 2054 2862 vicis
2112 2821 2263 2864 suas
2321 2823 2479 2881 opes

385 2902 690 2964 firmavit.
777 2903 946 2962 Tum
983 2901 1249 2963 demum
1278 2899 1497 2979 palam
1541 2900 1790 2962 factum
1832 2909 1931 2963 est
1970 2902 2477 2981 comploratione

1865 1302 1929 1364 si
1968 1309 2085 1365 tua
2137 1322 2204 1364 re
2254 1302 2476 1366 subita
2548 1324 2553 1327 ·

445 3089 496 3132 2.
521 3089 728 3134 Servio:
759 3088 862 3132 dat.

448 3159 476 3199 3
485 3187 496 3198 .
520 3156 818 3207 peregrim:
835 3158 1125 3199 concessive.
1174 3156 1295 3206 qui:
1308 3157 1381 3198 for

386 3224 470 3266 the
483 3223 672 3273 regular
688 3224 842 3265 subst.
855 3224 1100 3273 interrog„
1117 3234 1170 3264 as
1185 3224 1320 3266 often
1331 3225 1378 3266 in

389 3292 529 3342 Livy.
598 3291 726 3332 Here
748 3291 855 3340 quis
868 3291 937 3332 sis
951 3291 992 3331 is
1016 3292 1132 3333 thus
1154 3291 1380 3334 avoided.

447 3361 497 3402 4.
519 3357 582 3400 in
634 3386 649 3401 .
722 3385 736 3399 .
811 3385 825 3400 .
873 3365 1084 3399 versas:
1134 3357 1383 3406 “opening

386 3435 522 3474 upon
566 3423 650 3466 the
695 3423 838 3466 Nova
879 3424 1012 3472 via,”
1059 3434 1089 3464 a
1132 3427 1281 3464 street
1329 3434 1382 3464 so

388 3490 566 3532 named
589 3491 640 3533 in
663 3494 881 3533 contrast
897 3490 1018 3532 with
1041 3490 1127 3532 the
1149 3490 1282 3531 older
1299 3490 1384 3531 Sa-

387 3569 469 3599 cra
492 3558 589 3600 via.
647 3558 792 3602 Iovis
820 3557 1075 3602 Statoris:
1108 3568 1174 3599 sc.
1208 3557 1380 3598 aedem.

389 3624 508 3666 Like
527 3624 649 3674 Eng.
673 3625 828 3666 “near
851 3624 923 3666 st.
949 3623 1164 3666 Paul’S.’'

453 3693 502 3733 5.
526 3691 823 3733 confidere:
850 3701 915 3732 se.
936 3701 997 3738 se,
1017 3692 1092 3734 i.e.
1119 3691 1382 3740 Tanaquil:

389 3757 480 3799 but
515 3757 634 3799 with
667 3758 837 3806 iubere,
873 3767 938 3798 se.
974 3767 1137 3806 recem.
1209 3756 1381 3798 dicto:

285 3865 298 3878 ,
389 3825 494 3867 dat.
525 3824 576 3866 of
602 3825 689 3867 ref.
719 3823 838 3866 with
867 3823 1134 3864 audientem
1163 3833 1281 3870 esse:
1309 3826 1382 3864 to-

1482 3084 1663 3134 gether,
1699 3096 1729 3128 a
1760 3085 2159 3130 circumlocution
2192 3087 2266 3130 for
2298 3097 2475 3139 parere.

1545 3155 1593 3196 6.
1628 3154 1844 3197 trabea:
1876 3165 1905 3196 a
1938 3159 2067 3197 state
2099 3156 2216 3197 robe
2246 3156 2297 3197 of
2328 3156 2478 3199 white

1482 3221 1579 3262 and
1606 3222 1791 3272 purple,
1820 3222 1995 3272 chiefly
2021 3223 2106 3264 the
2128 3223 2291 3264 latter.
2348 3223 2478 3265 tun-

1482 3289 1694 3338 gendae
1711 3289 1871 3332 vicis:
1891 3290 1988 3331 this
2005 3290 2195 3339 regular
2212 3290 2478 3339 gerundive

1482 3357 1521 3396 is
1548 3367 1577 3396 a
1604 3355 1820 3397 survival
1846 3357 1897 3397 of
1920 3356 2059 3406 funyi
2084 3367 2137 3398 as
2163 3368 2193 3398 a.
2219 3358 2478 3400 transitive

1482 3423 1617 3465 verb.
1688 3422 1878 3473 palam
1913 3423 2136 3466 tactum
2172 3424 2280 3466 est:
2318 3435 2382 3466 sc.
2422 3436 2479 3466 as

1483 3489 1609 3538 subj.
1649 3490 1887 3539 expirasse
1930 3490 2258 3540 Tarquinium.
2329 3498 2478 3533 eom-

1483 3556 1813 3606 ploratione:
1876 3557 1960 3599 the
1993 3557 2167 3599 formal
2200 3558 2473 3608 mourning‚

1483 3623 1601 3665 with
1640 3625 1704 3665 its
1742 3624 1937 3672 wailing
1973 3623 2069 3665 and
2110 3624 2264 3666 thrice
2302 3624 2479 3674 calling

1485 3689 1568 3731 the
1594 3700 1738 3731 name
1766 3690 1816 3730 of
1843 3689 1928 3731 the
1954 3689 2096 3732 dead.
2155 3690 2477 3748 voluntates

1485 3757 1644 3798 “tacit
1704 3757 1957 3804 consent.”
2014 3760 2101 3799 not
2160 3757 2246 3800 the
2303 3757 2478 3800 formal

1482 3823 1749 3865 auctoritas.
1809 3823 1880 3866 cf.
1908 3826 1982 3866 32.
2014 3825 2054 3866 1.
