2925 4375
440 196 540 250 152
1348 195 1415 250 T.
1450 194 1612 249 LIVI
2363 194 2460 261 [xi.
2497 200 2529 251 7

1366 377 1453 439 Et
1489 396 1742 455 semper
1786 375 2073 456 aliquam
2124 377 2340 439 fraudi
2388 398 2528 458 spe-

372 488 404 531 8
438 476 600 538 ciem
669 476 825 542 iuris
892 475 1245 555 imponitis.
1338 474 1488 536 Non
1555 476 1792 555 probat
1861 475 2140 555 populus
2190 478 2527 541 Romanus

436 576 866 654 ignominiosa
893 596 1053 656 pace
1092 575 1371 654 legiones
1410 579 1742 638 servatas?
1825 576 2061 638 Pacem
2099 576 2224 667 sibi
2264 578 2524 653 habeat,

438 675 717 755 legiones
749 682 978 755 captas
1013 676 1245 738 victori
1277 676 1585 738 restituat
1595 697 1611 752 ;
1645 676 1766 739 hoc
1801 675 1948 751 fide,
1984 677 2104 739 hoc
2139 675 2525 753 foederibuS,

373 788 404 831 9
438 775 557 838 hoc
605 774 935 838 fetialibus
981 775 1383 838 caerimoniis
1428 775 1699 854 dignum
1745 782 1904 838 erat.
1996 776 2091 838 Ut
2118 776 2384 857 quidem
2429 783 2524 853 tn,

439 875 614 956 quod
653 876 878 956 petisti
914 896 1029 955 per
1065 874 1456 954 pactionem,
1498 876 1757 951 habeas,
1800 882 1902 937 tot
1940 876 2113 939 cives
2149 875 2523 952 incolumeS,

437 995 555 1054 ego
600 996 849 1055 pacem,
897 996 1097 1056 quam
1141 976 1259 1038 hos
1302 975 1425 1037 tibi
1469 975 1863 1037 remittendo
1909 981 2140 1055 pactus
2184 997 2350 1050 sum,
2397 977 2535 1038 non'

438 1075 737 1152 habeam,
776 1077 896 1138 hoc
932 1082 1028 1151 tu,
1069 1074 1143 1136 A.
1182 1074 1453 1151 Corneli,
1493 1075 1614 1160 hoc
1651 1096 1787 1152 vos,
1825 1074 2095 1151 fetialeS,
2132 1075 2288 1139 iuris
2324 1076 2528 1155 genti-

343 1189 403 1231 ιο
438 1175 559 1238 bus
614 1174 867 1238 dicitis?
966 1177 1104 1254 Ego
1161 1196 1314 1237 vero
1370 1174 1549 1251 istos,
1609 1196 1772 1256 quos
1827 1175 1977 1237 dedi
2032 1175 2372 1252 simulatis,
2411 1196 2526 1238 nec

439 1275 684 1355 accipio
724 1296 839 1337 nec
880 1275 1030 1337 dedi
1070 1276 1349 1338 arbitror
1409 1295 1528 1338 nec
1569 1295 1801 1351 moror,
1845 1296 1976 1356 quo
2015 1276 2228 1338 minus
2266 1275 2336 1337 in
2374 1276 2527 1338 civi-

438 1380 646 1437 tatem
718 1376 1074 1454 obligatam
1144 1375 1490 1455 sponsione
1562 1375 1905 1438 commissa
1935 1426 1940 1430 .
1973 1376 2156 1439 iratis
2226 1375 2526 1438 omnibus

342 1490 397 1531 11
436 1474 577 1552 diis,
635 1495 913 1555 quorum
964 1474 1250 1537 eluditur
1303 1496 1565 1552 numen,
1622 1475 1908 1538 redeant.
2008 1476 2225 1538 Gerite
2264 1474 2524 1551 bellum,

437 1575 700 1655 quando
768 1576 875 1654 Sp.
947 1575 1322 1637 Postumius
1389 1575 1585 1638 modo
1651 1575 1937 1654 legatum
2005 1575 2290 1638 fetialem
2357 1595 2524 1654 genu

434 1675 727 1753 perculit.
824 1674 932 1737 Ita
969 1674 1057 1736 dii
1107 1675 1372 1737 credent
1422 1676 1782 1738 Samnitem
1833 1676 2041 1739 civem
2092 1676 2522 1751 Postumium,

434 1760 565 1837 non
602 1776 810 1837 civem
848 1775 1222 1837 Romanum
1257 1795 1414 1850 esse,
1452 1782 1521 1838 et
1558 1797 1597 1839 a
1632 1776 1922 1839 Samnite
1959 1776 2246 1855 legatum
2283 1776 2525 1838 Roma-

433 1894 592 1936 num
620 1874 967 1953 violatum3
993 1896 1069 1938 eo
1098 1875 1283 1938 vobis
1309 1876 1557 1938 iustum
1584 1876 1652 1937 in
1677 1897 1794 1938 nos
1815 1861 2070 1939 iactum
2095 1896 2233 1939 esse
2259 1874 2519 1937 bellum.

337 1988 398 2029 12
433 1974 613 2037 Haec
651 1974 932 2038 ludibria
975 1975 1355 2054 religionum
1400 1997 1534 2037 non
1579 1975 1820 2055 pudere
1864 1976 1932 2037 in
1977 1976 2186 2038 lucem
2215 1975 2519 2056 proferre,

430 2080 498 2137 et
538 2074 651 2136 vix
690 2076 907 2154 pueris
944 2075 1172 2153 dignas
1213 2076 1520 2154 ambages
1557 2096 1740 2138 senes
1781 2097 1853 2138 ac
1894 2076 2260 2138 consulares
2299 2069 2522 2138 fallen-

336 2188 394 2229 13
429 2173 551 2237 dae
613 2174 763 2238 fidei
822 2176 1183 2256 exquirere!
1287 2174 1340 2250 I,
1389 2174 1596 2252 lictor,
1658 2175 1845 2239 deme
1905 2176 2119 2240 vincla
2178 2175 2520 2253 Romanis;

429 2281 722 2338 moratus
758 2276 843 2338 sit
881 2297 1090 2352 nemo,
1130 2297 1262 2355 quo
1301 2276 1534 2352 minuS,
1575 2276 1688 2338 ubi
1725 2277 1937 2339 visum
1975 2277 2190 2353 fuerit,
2232 2277 2516 2340 abeant.'

428 2375 517 2436 Et
574 2375 663 2436 illi
722 2375 1006 2456 quidem,
1050 2375 1324 2438 forsitan
1380 2383 1448 2438 et
1505 2375 1785 2455 publica,
1837 2398 1957 2440 sua
2014 2383 2184 2440 certe
2243 2377 2518 2439 liberata

424 2473 571 2550 fide,
631 2476 713 2537 ab
768 2475 1013 2538 Caudio
1068 2476 1135 2536 in
1190 2482 1403 2538 castra
1458 2477 1760 2539 Romana
1812 2477 2109 2539 inviolati
2162 2477 2511 2540 redierunt.

363 2589 383 2629 1
424 2574 583 2636 XII.
633 2576 1035 2638 Samnitibus
1096 2597 1237 2655 pr0·
1274 2576 1555 2654 superba
1613 2597 1774 2656 pace
1832 2577 2324 2639 infestissimum
2385 2597 2516 2640 cer-

422 2674 730 2740 nentibus
765 2682 1067 2737 renatum
1105 2674 1346 2737 bellum
1382 2676 1620 2751 omnia,
1659 2697 1830 2756 quae
1865 2676 2097 2738 deinde
2131 2682 2510 2752 evenerunt,

358 2789 387 2829 2
422 2795 553 2836 non
600 2774 668 2837 in
718 2775 948 2837 animis
996 2774 1225 2850 solum,
1276 2774 1388 2837 sed
1438 2795 1638 2854 prope
1685 2776 1753 2838 in
1800 2776 2000 2838 oculis
2047 2797 2204 2853 esse,
2255 2783 2324 2840 et
2371 2797 2511 2839 sero

437 382 677 456 pacem'
715 375 981 439 inritam
1033 375 1266 439 facitis.

481 2979 532 3020 9.
566 2975 641 3022 ut
687 3006 699 3018 .
746 3006 759 3018 .
807 3006 820 3019 .
862 2975 1085 3028 habeas,
1135 3007 1149 3021 .
1195 3008 1209 3020 .
1255 3008 1269 3020 .
1303 2986 1420 3021 non
1581 2977 1660 3020 1³.
1692 2976 1955 3025 forsitan:
2008 2978 2094 3022 the
2145 2978 2302 3022 doubt
2355 2979 2515 3022 which

420 3044 684 3086 habeam:
722 3044 883 3100 subst.
917 3044 1103 3087 clauses
1137 3045 1189 3087 in
1225 3046 1420 3097 apposi-

420 3113 525 3154 tion
554 3111 675 3154 with
703 3111 787 3154 hoc
814 3112 939 3154 iuris
968 3112 1138 3155 below.

482 3180 561 3221 ιο.
598 3178 909 3230 obligatam
919 3189 941 3222 z·
961 3180 1167 3222 Pontius
1193 3180 1309 3222 thus
1336 3180 1419 3222 de-

418 3247 570 3289 clares
609 3247 695 3289 the
732 3251 884 3289 terms
922 3247 973 3288 of
1012 3247 1096 3290 the
1134 3249 1329 3299 sponsio
1366 3249 1416 3289 in

418 3315 673 3366 operation
715 3313 814 3355 and
856 3318 1129 3364 represents
1171 3314 1257 3356 the
1298 3315 1417 3364 gods

417 3393 472 3424 as
497 3381 707 3431 angered
733 3381 802 3432 by
828 3381 914 3423 the
941 3381 1136 3423 Roman
1161 3382 1340 3424 breach
1366 3384 1418 3426 of

417 3450 559 3492 raith.

480 3517 559 3558 11.
594 3516 681 3560 Ita
717 3545 730 3558 .
765 3545 779 3558 .
814 3545 828 3559 .
859 3514 1111 3558 credent:
1141 3516 1359 3560 ironical.

480 3584 559 3626 12.
594 3584 825 3634 pudere:
873 3594 939 3626 sc.
988 3593 1089 3624 acc.
1137 3593 1232 3625 vos.
1314 3583 1417 3627 The

414 3650 743 3694 exclamation
792 3660 1042 3701 expresses
1089 3649 1414 3700 indignation.

416 3719 491 3770 Of.
518 3728 650 3762 mene
676 3718 905 3765 desistere,
940 3719 1044 3759 Aen
1078 3720 1115 3760 1.
1149 3719 1225 3760 37.
1298 3725 1417 3761 am-

415 3785 607 3836 bages:
640 3784 956 3828 “evasions.”

1517 3044 1616 3086 this
1645 3049 1920 3096 represents
1949 3046 2001 3088 in
2035 3047 2203 3097 Livy's
2234 3058 2344 3088 own
2376 3048 2512 3090 mind

1516 3111 1605 3154 has
1636 3112 1814 3154 caused
1846 3113 1948 3154 him
1981 3117 2034 3155 to
2065 3113 2222 3156 frame
2253 3115 2352 3157 this
2385 3119 2514 3158 tren-

1515 3181 1665 3224 chant
1691 3180 1867 3233 speech
1891 3182 1967 3224 for
1993 3182 2214 3225 Pontius.

1578 3245 1699 3289 XII.
1736 3246 1784 3288 1.
1820 3245 2027 3296 omnia..
2063 3254 2208 3297 quae
2245 3276 2259 3290 .
2295 3276 2310 3290 .
2346 3277 2361 3292 .
2393 3256 2515 3292 eve-

1515 3313 1749 3357 nerunt:
1841 3314 1946 3356 “all
2036 3314 2122 3356 the
2211 3315 2511 3366 subsequent

1515 3385 1688 3435 events
1699 3381 1745 3433 ;'’
1778 3381 1906 3432 subj.
1931 3382 1982 3424 ot
2013 3382 2098 3424 the
2129 3382 2245 3425 hist.
2277 3383 2366 3425 inf.
2397 3394 2510 3426 esse.

1576 3451 1626 3490 2.
1661 3450 1870 3492 metuat
1913 3449 2034 3492 with
2077 3459 2208 3499 quae,
2258 3451 2512 3504 “midway

1514 3517 1734 3559 between
1759 3517 1969 3560 wluch.”
2029 3517 2100 3560 Cf.
2129 3520 2172 3560 2.
2202 3519 2246 3561 7.
2305 3527 2514 3569 posses-

1513 3582 1731 3626 sionem
1763 3613 1776 3625 .
1809 3613 1822 3626 .
1855 3613 1868 3626 .
1897 3584 2171 3628 mutasse:
2198 3589 2432 3638 contrary
2457 3591 2512 3629 to

1513 3651 1625 3700 this,
1657 3651 1792 3694 what
1823 3661 1916 3694 one
1945 3653 2218 3702 exchanges
2247 3653 2289 3696 is
2317 3653 2512 3705 usually

1513 3719 1598 3761 the
1628 3729 1798 3761 means
1835 3719 1974 3769 (abl.)
2007 3720 2076 3771 by
2105 3720 2266 3763 which
2295 3721 2383 3764 the
2411 3731 2514 3764 see-

1511 3785 1610 3829 ond
1643 3786 1808 3837 object
1842 3787 1882 3829 is
1915 3787 2172 3831 obtained.
