2925 4375
523 209 626 261 148
1415 206 1481 259 T.
1517 204 1676 259 LIVI
2425 207 2541 272 [vii.
2579 212 2619 263 8

453 399 486 443 9
518 388 713 471 positi
724 410 741 466 ;
800 408 1005 470 paene
1067 388 1374 450 maestior
1430 387 1720 449 exercitu
1780 387 1920 467 ipso
1982 387 2215 451 civitas
2273 409 2431 466 esse,
2496 411 2616 455 nec

518 489 792 552 ducibus
852 487 1062 551 solum
1125 494 1324 567 atque
1387 486 1762 549 auctoribus
1822 488 2371 569 sponsoribusque
2434 492 2614 570 pacis

518 589 724 666 irasci,
770 589 883 652 sed
930 588 1227 651 innoxios
1270 587 1473 649 etiam
1521 585 1757 648 milites
1803 587 2013 650 odisse
2057 595 2126 650 et
2173 609 2406 668 negare
2451 590 2613 653 urbe

425 701 483 743 10
517 690 790 753 tectisve
867 687 1291 768 accipiendos,
1381 686 1595 761 Quam
1672 686 2176 750 concitationem
2244 689 2614 752 animorum

518 790 708 869 fregit
758 789 1081 852 adventus
1130 787 1451 851 exercitus
1487 787 1688 849 etiam
1738 786 1920 849 iratis
1971 787 2369 852 miserabilis.
2463 790 2612 853 Non

515 890 688 953 enim
757 895 1100 969 tamquam
1170 888 1237 949 in
1306 886 1590 967 patriam
1660 893 2058 950 revertentes
2127 908 2210 950 ex
2277 888 2612 969 insperato

515 989 890 1064 incolumes,
942 988 1055 1051 sed
1108 993 1448 1067 captorum
1500 987 1732 1049 habitu
1784 986 2102 1067 vultuque
2152 988 2419 1067 ingressi
2469 1011 2612 1052 sero

422 1100 475 1141 11
515 1089 583 1151 in
634 1089 864 1151 urbem
916 1088 1013 1151 ita
1063 1108 1131 1150 se
1186 1088 1253 1149 in
1304 1088 1437 1150 suis
1491 1086 1764 1167 quisque
1818 1089 2008 1149 tectis
2063 1088 2477 1165 abdiderunt,
2538 1096 2612 1153 ut

516 1195 775 1269 postero
823 1195 1022 1268 atque
1068 1187 1560 1267 insequentibus
1606 1186 1835 1249 diebus
1883 1174 2074 1249 n‘emo
2121 1207 2346 1250 eorum
2394 1189 2612 1252 forum

420 1300 482 1341 12
515 1295 633 1351 aut
668 1287 1002 1368 publicum
1040 1288 1321 1367 aspicere
1351 1286 1564 1348 vellet.
1654 1285 1960 1349 Consules
1996 1288 2064 1349 in
2101 1289 2361 1367 privato
2400 1290 2611 1353 abditi

515 1387 675 1450 nihil
714 1409 831 1469 pro
872 1388 1260 1466 magistratu
1301 1406 1507 1465 agere,
1549 1386 1669 1448 nisi
1710 1386 1885 1466 quod
1924 1407 2302 1467 expressum
2340 1396 2612 1452 senatus

516 1487 812 1551 consulto
859 1493 979 1563 est,
1029 1492 1105 1549 ut
1152 1486 1543 1548 dictatorem
1592 1485 1879 1548 dicerent
1927 1488 2340 1551 comitiorum
2389 1510 2606 1552 causa.

422 1599 481 1641 13
515 1588 591 1663 Q.
647 1588 923 1650 Fabium
975 1586 1372 1648 Ambustum
1420 1585 1729 1648 dixerunt
1777 1593 1845 1648 et
1896 1587 1967 1647 P.
2023 1586 2276 1650 Aelium
2328 1585 2612 1651 Paetum

421 1700 481 1740 14
515 1687 900 1766 magistrum
967 1687 1263 1766 equitum
1275 1706 1291 1761 ;
1360 1686 1597 1765 quibus
1666 1686 1826 1748 vitio
1895 1687 2126 1749 creatis
2193 1688 2450 1750 suffecti
2520 1690 2607 1751 M.

516 1786 825 1849 Aemilius
878 1785 1095 1865 Papus
1134 1786 1449 1863 dictator,
1507 1787 1576 1847 L.
1633 1785 1924 1849 Valerius
1978 1785 2247 1850 Flaccus
2300 1789 2614 1867 magister

514 1887 831 1967 equitum.
919 1886 1051 1948 Nec
1092 1906 1206 1966 per
1244 1905 1353 1948 eos
1394 1886 1660 1948 comitia
1699 1886 1947 1962 habita,
1983 1892 2071 1962 et,
2110 1887 2265 1967 quia
2294 1888 2610 1952 taedebat

514 1985 829 2065 populum
875 1986 1168 2049 omnium
1217 1985 1720 2063 magistratuum
1766 1986 1904 2048 eius
1941 1986 2113 2062 anni,
2143 2007 2242 2049 res
2280 1986 2362 2049 ad
2410 1988 2612 2050 inter-

419 2098 478 2140 15
513 2105 782 2165 regnum
833 2085 1041 2148 rediit.
1132 2084 1494 2164 Interreges
1537 2085 1612 2160 Q.
1655 2085 1894 2175 Fabius
1954 2086 2297 2163 Maximus,
2346 2087 2430 2148 M.
2479 2089 2612 2151 Va-

516 2182 719 2249 lerius'
738 2187 1002 2249 Corvus.
1094 2184 1159 2248 Is
1194 2184 1487 2248 consules
1521 2184 1766 2249 creavit
1790 2187 1865 2262 Q.
1893 2187 2243 2249 Publilium
2267 2188 2608 2251 Philonem

512 2293 580 2349 et
630 2288 700 2348 L.
755 2287 1086 2366 Papirium
1137 2286 1476 2348 Cursorem
1526 2285 1763 2347 iterum
1812 2285 1989 2348 haud
2039 2285 2239 2349 dubio
2289 2309 2609 2351 consensu

514 2386 821 2462 civitatis,
860 2386 1034 2466 quod
1071 2385 1229 2448 nulli
1262 2405 1341 2448 ea
1375 2391 1770 2464 tempestate
1803 2385 2001 2448 duces
2036 2385 2332 2449 clariores
2365 2395 2603 2450 essent.

451 2501 476 2542 1
638 2486 825 2549 VIII.
874 2487 1017 2562 Quo
1070 2486 1268 2548 creati
1317 2490 1474 2547 sunt
1522 2484 1646 2560 die,
1699 2505 1775 2546 eo
1802 2485 1996 2547 —sic
2045 2486 2219 2549 enim
2270 2485 2608 2566 placuerat

514 2586 810 2665 patribus
836 2622 918 2630 —-
942 2586 1399 2664 magistratum
1459 2585 1762 2660 inierunt,
1809 2584 2355 2667 sollemnibusque
2421 2607 2610 2650 sena-

514 2692 622 2748 tus
700 2685 1007 2748 consultis
1085 2685 1385 2764 perfectis
1462 2684 1545 2746 de
1607 2704 1765 2764 pace
1828 2684 2121 2747 Caudina
2183 2685 2577 2750 rettulerunt
2588 2709 2606 2763 ,·

449 2802 479 2842 2
511 2792 579 2848 et
631 2785 944 2848 Publilius
994 2805 1190 2865 penes
1264 2804 1457 2864 quem
1511 2784 1714 2846 fasces
1763 2790 1977 2847 erant:
2079 2784 2231 2861 ‘dic,
2286 2787 2393 2865 Sp.
2450 2787 2607 2849 Pos-

514 2885 733 2961 tumi,'
782 2885 1013 2965 inquit.
1111 2884 1236 2959 Qui
1287 2884 1399 2945 ubi
1448 2884 1748 2959 surrexit,
1785 2884 2015 2946 eodem
2065 2884 2172 2946 illo
2225 2884 2433 2961 vultU,
2474 2907 2605 2966 quo

448 3001 478 3043 3
511 2986 636 3048 sub
690 2985 913 3064 iugum
971 2986 1202 3047 missus
1258 2991 1424 3046 erat:
1539 2983 1744 3045 ‘haud
1825 3004 1971 3046 sum
2028 2984 2306 3062 ignarus'
2367 2986 2602 3065 inquit,

516 3084 857 3160 ‘consules,
921 3084 1329 3163 ignominiae,
1392 3105 1524 3145 non
1583 3084 1843 3146 honOris
1903 3105 2100 3146 causa
2158 3105 2261 3146 me
2320 3085 2603 3164 primum

512 3186 875 3247 excitatum
926 3185 1301 3263 iussumque
1353 3182 1582 3258 dicere,
1637 3204 1768 3245 non
1820 3190 2162 3263 tamquam
2213 3191 2601 3262 senatorem,

512 3285 623 3348 sed
669 3290 1011 3364 tamquam
1056 3304 1237 3346 reum
1282 3305 1413 3363 qua
1455 3282 1726 3346 infelicis
1770 3282 1919 3345 belli
1963 3304 2096 3363 qua
2139 3284 2603 3363 ignominiosae

574 3473 655 3514 14.
688 3471 852 3514 vitio:
870 3471 978 3520 “by
994 3471 1174 3513 error.”
1222 3469 1509 3513 taedebat:
1606 3470 1681 3512 for
1717 3469 1804 3512 the
1839 3469 2046 3512 consuls.
2086 3470 2240 3520 fixing
2275 3472 2460 3513 certain
2498 3473 2606 3514 rell-

509 3538 819 3590 impersonal.
864 3538 985 3580 wit-h
1028 3548 1134 3587 gen.
1178 3548 1289 3578 case
1330 3537 1382 3578 of
1424 3537 1510 3579 the
1606 3537 1743 3585 gious
1785 3535 2019 3584 festivals,
2065 3539 2159 3580 etc.
2234 3537 2605 3582 rettulerunt:

510 3607 674 3656 object
709 3606 761 3647 of
794 3604 1192 3647 dissatisfaction.
1605 3603 1867 3650 technical;
1928 3603 2259 3646 “introduced
2319 3604 2404 3647 the
2465 3615 2607 3654 ques-

574 3675 654 3717 15.
687 3673 896 3715 essent:
935 3671 1020 3713 the
1057 3670 1280 3718 assigned
1317 3681 1506 3714 reason.
1606 3670 1761 3713 tion.''

574 3740 716 3784 VIII.
751 3740 799 3781 1.
858 3737 1225 3780 solemnibus:
1314 3738 1509 3780 routine
1667 3738 1716 3779 8.
1750 3737 2086 3780 excitatum:
2108 3748 2175 3780 sc.
2198 3749 2310 3781 esee.
2366 3746 2502 3789 qua:
2526 3749 2606 3782 see

511 3810 732 3851 matterS.
771 3805 890 3848 such
926 3816 980 3847 as
1014 3805 1224 3847 division
1260 3806 1312 3847 of
1346 3805 1509 3847 duties
1575 3805 1668 3846 'on
1699 3806 1742 3847 3.
1774 3807 1818 3848 4.
