2925 4375
316 280 453 318 xxx.
495 263 581 329 19]
1175 263 1409 316 LIBER
1444 263 1555 317 VII
2310 268 2406 320 131

248 461 282 503 4
315 445 497 508 omni
546 465 670 524 ope
718 442 943 507 divina
990 444 1407 525 humanaque
1449 443 1696 525 indigni
1733 444 2089 508 videamur.
2183 445 2410 528 Neque

319 544 596 619 hercule,
668 543 843 624 quod
913 544 1237 607 Samnites
1305 544 1546 624 priores
1605 544 1807 607 amici
1873 545 2156 626 sociique
2225 546 2410 610 vobis

318 643 478 707 facti
530 650 705 718 sunt,
762 643 843 705 ad
897 642 957 704 id
1016 642 1229 705 valere
1282 644 1578 719 arbitror,
1634 664 1714 705 ne
1766 665 1882 707 nos
1935 644 2002 706 in
2055 645 2410 708 amicitiam

320 743 735 823 accipiamur,
777 742 889 805 sed
932 749 1006 804 ut
1048 748 1380 805 vetustate
1419 749 1486 805 et
1527 743 1732 821 gradu
1772 744 2031 807 honoris
2072 765 2189 807 nos
2228 765 2412 824 prae·

316 850 515 906 stent.
609 841 834 921 Neque
876 842 1049 903 enim
1110 840 1366 903 foedere
1428 843 1840 919 Samnitium,
1905 863 1986 905 ne
2047 865 2179 924 qua
2238 865 2413 907 nova

247 961 278 1002 5
316 942 667 1022 iungeretis
717 940 996 1017 foedera,
1036 948 1304 1003 cautum
1340 948 1457 1003 est.
1553 942 1704 1005 Fuit
1753 943 2017 1023 quidem
2069 943 2244 1024 apud
2295 965 2411 1006 vos

316 1062 573 1121 semper
637 1041 797 1103 satis
864 1041 1037 1103 iusta
1104 1062 1299 1103 causa
1366 1042 1708 1117 amicitiae,
1780 1041 1942 1105 velle
2007 1063 2158 1105 eum
2226 1044 2411 1106 vobis

248 1161 280 1204 6
318 1142 603 1205 amicum
649 1159 809 1217 esse,
858 1140 969 1220 qui
1017 1161 1133 1203 vos
1181 1147 1518 1220 appeteret
1530 1162 1545 1218 ;
1593 1142 1928 1221 Campani,
1977 1144 2099 1205 etsi
2145 1142 2412 1206 fortuna

317 1262 622 1322 praesens
679 1240 1017 1321 magnifice
1073 1239 1250 1320 loqui
1304 1241 1626 1320 prohibet,
1685 1263 1816 1304 non
1871 1242 2049 1305 urbis
2106 1242 2412 1323 amplitu-

317 1342 489 1417 dine,
536 1362 668 1403 non
724 1340 859 1419 agri
913 1341 1213 1403 ubertate
1268 1340 1381 1402 ulli
1434 1340 1676 1421 populo
1722 1348 2180 1422 praeterquam
2228 1343 2412 1405 vobis

318 1442 642 1516 cedenteS,
692 1440 868 1503 haud
916 1461 1140 1520 parva,
1190 1447 1266 1502 ut
1314 1441 1610 1517 arbitror,
1662 1442 1938 1505 accessio
1987 1443 2173 1505 bonis
2220 1443 2411 1505 rebus

248 1563 281 1605 7
318 1542 552 1605 vestris
596 1541 664 1603 in
710 1541 1065 1603 amicitiam
1112 1540 1407 1603 venimus
1454 1548 1760 1603 vestram.
1857 1542 2092 1622 Aequis
2136 1542 2413 1606 Volscis·

318 1662 466 1723 que,
532 1642 810 1705 aeternis
870 1640 1166 1703 hostibus
1227 1640 1417 1702 huius
1479 1640 1676 1717 urbis,
1737 1642 2286 1722 quandocumque
2344 1663 2412 1705 se

310 1742 665 1816 moverint,
704 1741 788 1803 ab
821 1748 1002 1819 tergo
1035 1740 1276 1802 erimus
1308 1745 1395 1816 et,
1433 1740 1607 1820 quod
1645 1761 1761 1804 vos
1795 1763 1911 1821 pro
1945 1741 2155 1804 salute
2189 1749 2414 1805 nostra

317 1842 561 1922 priores
622 1840 921 1915 feceritiS,
985 1838 1052 1901 id
1114 1861 1230 1902 nos
1292 1861 1409 1920 pro
1472 1840 1740 1920 imperio
1804 1847 2021 1904 vestro
2083 1848 2150 1905 et
2213 1841 2413 1920 gloria

246 1962 281 2005 8
316 1961 573 2021 semper
647 1940 977 2003 faciemus.
1068 1939 1368 2002 Subactis
1443 1940 1542 2002 1115
1617 1941 1938 2019 gentibus,
2003 1961 2170 2021 quae
2245 1941 2414 2005 inter

318 2062 437 2104 nos
482 2060 727 2120 vosque
770 2046 946 2115 sunt,
994 2038 1169 2120 quod
1215 2059 1416 2118 prope
1461 2039 1634 2101 diem
1679 2039 1976 2102 futurum
2018 2041 2301 2121 spondet
2343 2048 2412 2104 et

318 2140 529 2205 virtus
575 2147 643 2204 et
692 2141 958 2226 fortuna
1006 2145 1242 2215 vestra,
1295 2139 1634 2203 continens
1681 2140 2025 2220 imperium
2076 2161 2279 2221 usque
2329 2140 2410 2204 ad

248 2262 280 2305 9
316 2263 435 2305 nos
495 2241 837 2305 habebitis.
929 2240 1251 2302 Acerbum
1314 2260 1389 2301 ac
1450 2240 1754 2302 miserum
1813 2246 1934 2316 est,
1982 2242 2159 2321 quod
2222 2241 2413 2302 fateri

316 2363 435 2404 nos
484 2341 750 2404 fortuna
798 2346 1022 2402 nostra
1072 2339 1268 2416 cogit:
1366 2359 1443 2402 eo
1496 2347 1769 2401 ventum
1819 2346 1938 2416 est,
1993 2331 2212 2421 patres
2263 2362 2414 2403 con-

313 2441 559 2520 scripti,
594 2448 669 2502 ut
706 2446 821 2502 aut
856 2439 1210 2502 amicorum
1246 2445 1361 2501 aut
1394 2439 1802 2502 inimicorum
1837 2440 2156 2519 Campani
2188 2440 2408 2502 simus

212 2563 276 2604 10
315 2540 381 2603 Si
454 2539 823 2615 defenditis,
878 2538 1097 2614 vestri,
1157 2538 1212 2600 si
1285 2537 1600 2614 deseritiS,
1678 2539 2072 2601 Samnitium
2145 2539 2385 2601 erimus
2396 2559 2412 2615 ς

313 2641 607 2720 Capuam
664 2660 815 2718 ergo
869 2645 939 2702 et
996 2637 1424 2717 Campaniam
1482 2658 1743 2701 omnem
1802 2639 2033 2702 vestris
2091 2659 2175 2701 an
2231 2639 2415 2702 Sam-

211 2761 276 2804 19
315 2740 552 2802 1111111111
604 2738 850 2802 viribus
902 2738 1202 2801 accedere
1253 2736 1516 2812 malitis,
1569 2738 1942 2801 deliberate.
2037 2738 2240 2800 Vobis
2274 2759 2415 2801 ara-

375 2925 426 2969 4.
460 2923 532 2969 ad
566 2922 626 2968 id
662 2921 845 2966 valere
886 2953 901 2968 .
943 2953 957 2968 .
999 2953 1013 2966 .
1050 2930 1145 2966 ne:
1184 2921 1316 2965 “has

310 2992 491 3044 weight
525 2997 578 3035 to
610 2992 869 3044 prevent.''
935 2990 1196 3034 arbltror:
1230 2990 1315 3033 the

312 3059 607 3112 spokesman
647 3058 772 3101 loses
812 3058 900 3101 the
938 3057 1115 3100 official
1156 3055 1316 3108 plural

1414 2921 1544 2971 quial
1593 2932 1767 2974 maana
1812 2923 1952 2974 loqui,
2004 2923 2236 2974 “talking
2280 2922 2414 2974 big.''

1412 2990 1591 3032 urbis:
1669 2990 1852 3041 Capua.
1963 2990 2213 3032 Hannibal
2290 3001 2414 3033 even

1413 3056 1657 3106 promised
1692 3061 1745 3099 to
1778 3057 1924 3099 make
1954 3059 1993 3100 it
2028 3057 2114 3100 the
2145 3056 2331 3109 capital
2363 3057 2416 3098 ot

312 3128 389 3171 for
413 3125 501 3169 the
524 3129 761 3168 moment.
822 3125 894 3168 Cf.
922 3126 998 3167 31.
1026 3126 1071 3166 3.
1130 3131 1315 3174 neque

435 3223 448 3235 .
489 3192 728 3236 cautum
767 3193 876 3235 eet:
918 3193 1023 3233 “no
1063 3191 1313 3242 provision

310 3271 412 3302 was
443 3258 588 3301 made
620 3259 864 3308 against.’'
930 3258 1033 3300 The
1064 3257 1315 3309 sophistry

311 3327 427 3370 here
455 3326 663 3368 consists
692 3326 743 3367 in
773 3325 1081 3374 mentioning
1108 3324 1241 3367 what
1271 3324 1314 3366 is

312 3397 423 3436 true
464 3391 555 3435 but
600 3395 688 3434 not
733 3392 935 3442 bearing
976 3402 1039 3434 on
1084 3392 1172 3434 the
1212 3390 1312 3433 real

311 3469 482 3502 source
524 3459 577 3501 of
619 3458 803 3509 danger
846 3463 901 3502 to
946 3458 1118 3501 Rome.
1198 3459 1313 3500 War

312 3526 434 3569 with
460 3526 546 3568 the
573 3526 819 3569 Samnites
844 3525 1005 3568 would
1034 3525 1197 3577 surely
1224 3525 1314 3567 fol-

310 3594 404 3636 low
466 3592 552 3636 the
611 3593 879 3646 particular
937 3593 1144 3636 alliance
1202 3603 1312 3635 now

311 3658 507 3711 sought.

376 3730 424 3771 5.
458 3725 624 3770 velle:
649 3736 715 3769 50.
740 3737 842 3775 vos:
867 3727 1032 3779 “your
1055 3726 1312 3776 wishing,''

312 3799 423 3844 etc..
458 3794 649 3843 subject
682 3794 735 3835 of
763 3793 872 3844 ruit.

377 3863 426 3905 6.
460 3861 761 3914 magnifice
779 3861 959 3916 loqui:
978 3861 1042 3906 cf.
1064 3861 1150 3906 the
1168 3860 1315 3903 collo-

1414 3123 1547 3174 Italy
1595 3125 1690 3173 (23.
1739 3125 1810 3166 10.
1854 3125 1923 3173 2.)
1997 3125 2285 3167 venimus:
2328 3122 2414 3166 the

1413 3201 1537 3242 pres.
1590 3191 1633 3234 is
1683 3201 1820 3234 more
1870 3191 2097 3233 insistent
2150 3189 2276 3232 than
2327 3189 2415 3232 the

1412 3259 1594 3302 future.

1476 3327 1525 3368 7.
1559 3325 1764 3376 Aequis
1796 3324 2139 3374 Volscisque:
2195 3323 2302 3366 dat.
2359 3323 2412 3366 of

1412 3393 1500 3434 ref.
1531 3393 1653 3434 with
1684 3393 1742 3434 ab
1772 3393 1909 3442 ter-00.

1474 3460 1525 3502 9.
1558 3459 1896 3502 amicorum:
1921 3456 2057 3509 pred.
2083 3467 2213 3509 poss.
2239 3468 2348 3508 gen.

1476 3527 1557 3569 1⁹.
1589 3533 1721 3577 ager
1753 3527 2095 3575 campanus:
2126 3525 2213 3566 the
2243 3525 2412 3566 faircst

1410 3593 1462 3635 in
1496 3592 1562 3636 all
1596 3592 1728 3642 Italy
1767 3592 1863 3640 (22.
1903 3593 1975 3633 14.
2015 3590 2080 3640 1).
2149 3590 2222 3633 Cf.
2257 3590 2412 3633 below

1412 3661 1490 3704 31.
1520 3661 1561 3703 1.
1617 3659 1775 3702 vobis
1805 3687 1818 3702 .
1848 3687 1863 3701 .
1891 3686 1906 3701 .
1929 3656 2411 3708 frequentabitur:

1413 3727 1541 3770 “the
1566 3729 1700 3777 great
1729 3725 2018 3777 population
2044 3724 2095 3765 of
2122 3723 2290 3774 Capua
2315 3721 2413 3764 will

1411 3795 1474 3837 be
1531 3797 1583 3836 at
1639 3803 1762 3844 your
1814 3790 2128 3841 command,”
2186 3790 2280 3834 i.e.
2334 3789 2413 3833 tor

1413 3861 1579 3906 levies.
