2925 4375
541 307 614 362 ¹70
1459 302 1526 357 T.
1564 300 1723 356 LIVI
2458 299 2589 366 [lix.
2630 305 2671 359 2

474 499 510 545 8
539 486 793 549 ducem.
881 484 1148 547 Elatum
1189 483 1386 546 domo
1429 483 1767 546 Lucretiae
1808 503 2043 562 corpus
2082 482 2151 545 in
2200 482 2419 544 forum
2473 483 2669 546 defe-

541 594 718 660 runt,
743 586 1170 664 concientque
1205 582 1537 659 miraculo,
1574 589 1652 645 ut
1690 583 1787 659 fit,
1814 584 1908 643 rei
1942 601 2155 646 novae
2192 590 2395 663 atque
2432 583 2668 665 indig-

475 701 508 743 4
541 687 752 749 nitate
794 684 1105 746 homines
1195 684 1322 745 Pro
1369 702 1440 745 se
1490 683 1765 764 quisque
1812 681 2023 745 scelus
2070 682 2319 761 regium
2372 702 2451 745 ac
2508 685 2665 747 vim

543 792 922 866 queruntur.
1012 784 1235 846 Movet
1303 802 1452 843 cum
1520 782 1727 861 patris
1789 782 2139 857 maestitia,
2195 790 2341 846 tum
2393 784 2667 850 Brutus

544 885 896 963 castigator
941 882 1354 945 lacrimarum
1401 890 1603 963 atque
1650 882 1958 945 inertium
2006 882 2441 964 querellarum
2494 906 2669 948 auc-

544 992 795 1065 torque,
841 982 1018 1064 quod
1065 983 1256 1056 viros,
1303 982 1481 1061 quod
1528 983 1861 1044 Romanos
1904 981 2183 1057 deceret,
2232 1003 2417 1045 arma
2464 986 2668 1064 capi-

477 1102 510 1144 5
541 1082 694 1147 endi
783 1082 1095 1145 adversus
1184 1081 1446 1143 hostilia
1536 1101 1745 1143 ausos.
1836 1082 2299 1145 Ferocissimus
2360 1083 2666 1165 quisque

543 1184 854 1245 iuvenum
929 1202 1078 1243 cuin
1155 1180 1352 1243 armis
1427 1180 1835 1245 voluntarius
1910 1181 2127 1258 adem
2202 1183 2507 1263 sequitur
2584 1194 2667 1249 et

545 1292 760 1346 cetera
806 1282 1133 1343 iuventus.
1223 1279 1386 1342 Inde
1433 1288 1623 1359 parte
1670 1280 1993 1359 praesidio
2034 1281 2263 1344 relicta
2304 1281 2663 1360 Collatiae,

545 1382 1055 1460 custodibusque
1109 1379 1192 1442 ad
1247 1387 1473 1459 portas
1526 1380 1775 1455 locatis,
1832 1399 1915 1443 ne
1969 1380 2117 1461 quis
2172 1400 2325 1443 eum
2383 1390 2663 1445 motum

545 1482 802 1560 regibus
867 1480 1218 1556 nuntiaret,
1285 1478 1483 1542 ceteri
1547 1479 1783 1541 armati
1848 1479 2013 1541 duce
2078 1481 2289 1543 Bruto
2356 1482 2662 1546 Romam

545 1581 838 1661 profecti.

479 1700 512 1743 o
671 1679 802 1743 Ubi
875 1699 953 1741 eo
1028 1686 1304 1742 ventum
1375 1684 1499 1754 est,
1576 1698 1991 1760 quacumque
2064 1679 2312 1745 incedit
2386 1690 2665 1747 armata

548 1779 924 1853 multitud0‚
998 1798 1312 1857 pavorem
1385 1798 1460 1839 ac
1536 1777 1899 1841 tumultum
1972 1778 2161 1856 facit3
2233 1800 2457 1844 rursus
2531 1782 2664 1846 ubi

548 1880 793 1943 anteire
857 1878 1170 1957 primores
1234 1877 1523 1939 civitatis
1588 1876 1835 1953 vident,
1903 1878 2225 1959 quidquid
2289 1881 2398 1956 sit,
2466 1883 2661 1945 haud

484 2001 513 2043 7
548 1988 788 2042 temere
867 1997 1004 2040 esse
1083 1986 1326 2039 rentur.
1417 1977 1552 2036 Nec
1620 1977 1935 2038 minorem
1978 1986 2235 2041 motum
2276 1980 2659 2044 animorum

550 2079 799 2142 Romae
865 2086 1004 2139 tam
1070 2085 1261 2139 atrox
1323 2096 1424 2139 res
1490 2076 1667 2151 facit,
1736 2095 1937 2155 quam
2000 2077 2315 2141 Collatiae
2379 2080 2655 2144 fecerat.

551 2181 721 2258 Ergo
760 2199 844 2239 ex
884 2176 1188 2240 omnibus
1249 2174 1404 2239 locis
1463 2175 1640 2239 orbis
1699 2175 1769 2238 in
1832 2176 2045 2239 forum
2108 2178 2409 2242 curritur.
2501 2180 2657 2258 Quo

549 2277 739 2342 simul
807 2285 1081 2340 ventum
1145 2283 1266 2350 est,
1334 2295 1569 2355 praeco
1636 2275 1719 2337 ad
1788 2277 2127 2339 tribunum
2194 2279 2512 2355 Celerum,
2580 2281 2657 2344 in

552 2399 680 2459 quo
729 2386 873 2440 tum
922 2377 1308 2456 magistratu
1359 2376 1527 2437 forte
1574 2376 1823 2438 Brutus
1868 2384 2029 2452 erat,
2079 2378 2397 2457 populum
2446 2379 2658 2442 advo-

487 2503 517 2544 s
552 2480 747 2542 cavit.
838 2476 940 2538 Ibi
975 2477 1183 2538 oratio
1229 2475 1458 2537 habita
1503 2493 1921 2555 nequaquam
1965 2477 2103 2539 eius
2148 2479 2430 2555 pectoris
2473 2479 2657 2559 inge-

553 2579 790 2658 niique,
841 2575 1017 2657 quod
1065 2575 1446 2637 simulatum
1495 2573 1578 2636 ad
1626 2594 1773 2636 eam
1819 2574 1992 2636 diem
2042 2575 2277 2652 fuerat,
2328 2577 2408 2639 de
2458 2579 2525 2641 vi
2574 2600 2653 2642 ac

553 2678 816 2740 libidine
865 2678 1009 2738 Sex.
1060 2673 1415 2754 Tarquinii,
1468 2673 1548 2734 de
1596 2680 1825 2753 stupro
1871 2674 2143 2738 infando
2194 2677 2534 2741 Lucretiae
2581 2687 2655 2750 et

555 2775 901 2841 miserabili
944 2774 1158 2848 caede,
1204 2774 1283 2835 de
1324 2774 1609 2836 orbitate
1651 2773 2033 2852 Tricipitini,
2080 2775 2184 2836 cui
2226 2784 2437 2839 morte
2480 2777 2652 2840 filiae

490 2904 520 2945 9
557 2898 752 2940 causa
822 2876 1048 2938 mortis
1116 2873 1438 2952 indignior
1508 2893 1582 2935 ac
1653 2872 2077 2936 miserabilior
2118 2882 2308 2938 esset.
2400 2876 2653 2940 Addita

554 2976 856 3056 superbia
913 2974 1115 3055 ipsius
1173 2974 1338 3053 regis
1398 2973 1819 3053 miseriaeque
1877 2979 1946 3036 et
2005 2972 2257 3037 labores
2316 2975 2522 3054 plebis
2582 2976 2653 3038 in

555 3078 760 3141 fossas
829 3075 1207 3153 cloacasque
1276 3071 1750 3134 exhauriendas
1819 3072 2175 3135 demersae:
2313 3075 2653 3139 Romanos

617 3229 668 3270 4.
699 3224 915 3273 Movet:
987 3224 1226 3267 translate
1305 3222 1551 3276 passively
1651 3221 1804 3273 guard
1861 3224 1956 3273 (15.
2007 3223 2077 3273 8).
2161 3224 2290 3267 That
2342 3225 2470 3268 their
2518 3236 2653 3269 com-

555 3302 609 3340 to
651 3296 793 3344 bring
832 3297 920 3336 out
963 3293 1049 3336 the
1090 3293 1353 3343 emphasis:
1398 3293 1550 3332 “men
1652 3291 1854 3332 mandet
1928 3291 2071 3333 could
2146 3291 2325 3343 legally
2398 3292 2490 3336 call
2565 3294 2653 3338 the

554 3374 679 3407 were
734 3361 994 3404 affected.'’
1082 3359 1301 3402 auctor:
1360 3359 1553 3400 ‘'advo-
1650 3357 1909 3408 assembly,
1955 3368 2009 3399 as
2051 3358 2196 3401 could
2238 3359 2325 3402 the
2366 3360 2651 3411 republican

555 3430 775 3479 cating;”
846 3431 1052 3470 connect
1123 3427 1243 3468 with
1313 3427 1550 3476 capiendi.
1651 3425 1871 3475 maqcster
1895 3425 2116 3475 equitum,
2145 3426 2187 3467 is
2212 3426 2459 3469 doubtful.

555 3497 730 3550 quod:
759 3514 801 3530 =
829 3496 894 3543 id,
917 3495 1051 3545 quod,
1075 3494 1401 3544 anticipating
1418 3504 1554 3534 arma
1714 3494 1764 3534 8.
1798 3492 2134 3542 Tricipitini:
2177 3493 2264 3536 the
2295 3504 2568 3543 cognomen
2602 3495 2654 3537 of

556 3564 792 3617 capiendi.
869 3562 1134 3605 adversus
1183 3590 1196 3603 .
1244 3589 1257 3602 .
1307 3589 1319 3602 .
1363 3567 1553 3603 ausos:
1655 3560 1921 3602 Lucretia’s
1947 3559 2122 3602 father.

566 3652 608 3667 =
635 3634 740 3675 adv.
775 3642 864 3680 eos.
901 3630 985 3681 qui
1017 3629 1208 3671 hostilia
1240 3627 1352 3669 ausi
1384 3629 1555 3675 essent:
1714 3627 1765 3669 9.
1798 3627 2027 3670 Addita:
2062 3637 2127 3669 sc.
2153 3628 2232 3676 eet,
2269 3638 2324 3669 as
2356 3627 2477 3670 with
2510 3639 2655 3671 mem-

557 3699 871 3750 brachylogy.
1654 3695 1784 3735 orata
1842 3693 2012 3736 belovv.
2105 3701 2204 3744 pro
2264 3693 2654 3740 uenator-ibus:

620 3770 669 3811 5.
701 3766 950 3817 regibus:
972 3763 1221 3812 including
1241 3761 1483 3804 members
1504 3761 1556 3803 ot
1656 3760 1884 3802 “instead
1925 3760 1976 3802 of
2009 3760 2231 3802 warriors
2269 3761 2429 3803 true.''
2500 3761 2655 3804 Bella-

558 3835 644 3878 the
676 3834 812 3884 royal
846 3831 1034 3882 family.
1101 3831 1172 3873 Cf.
1208 3832 1283 3872 41.
1319 3831 1363 3871 3.
1653 3827 1831 3869 toribus
1872 3827 1913 3868 is
1957 3826 2206 3876 Virgilian.
2279 3827 2532 3873 invecta:
2572 3829 2655 3874 i.e.

622 3902 672 3944 ¹1.
707 3899 982 3944 celerum:
1046 3897 1130 3938 the
1179 3896 1338 3945 king’s
1400 3894 1555 3944 body-
1656 3893 1740 3935 the
1767 3893 1867 3934 fact
1896 3892 2007 3935 that
2035 3893 2121 3935 she
2147 3894 2299 3937 drove
2330 3896 2425 3944 (48.
2454 3896 2525 3947 7).
