2925 4375
470 210 571 262 106
1376 206 1439 261 Τ.
1479 202 1638 261 LIVI

2383 208 2457 277 [li.
2497 215 2563 266 11

369 413 431 455 12
463 388 637 455 siliis.
729 388 892 453 Sicci
962 388 1191 452 caedes
1259 388 1644 453 decemviris
1712 395 1781 452 et
1852 390 2157 471 Appiana
2225 391 2424 456 libido
2495 401 2564 457 et

462 489 780 553 dedecora
805 488 1075 552 militiae
1099 487 1571 552 obiciebantur.
1663 488 1973 553 Placebat
1995 490 2329 554 Valerium
2355 494 2566 556 Hora-

463 589 759 669 tiumque
790 588 882 651 ire
914 588 982 651 in
1012 587 1430 651 Aventinum.
1514 587 1616 648 Illi
1648 589 1979 667 negabant
2010 610 2079 653 se
2113 589 2302 654 aliter
2331 593 2563 669 ituroS,

462 708 662 770 quam
700 689 755 753 si
792 687 1144 752 decemviri
1182 687 1584 768 deponerent
1622 688 1900 767 insignia
1939 690 2363 769 magistratus
2401 693 2560 768 eiuS,

365 810 427 855 13
461 810 590 870 quo
646 810 817 852 anno
871 787 1003 852 iam
1057 794 1213 851 ante
1266 786 1574 851 abissent.
1665 788 2051 865 Decemviri,
2095 798 2440 871 querentes
2493 812 2564 855 se

460 889 528 952 in
559 888 854 952 ordinem
888 886 1050 967 cogi,
1085 908 1219 950 non
1252 893 1407 949 ante
1440 907 1642 967 quam
1675 887 1942 969 perlatis
1976 888 2242 969 legibue,
2279 912 2560 971 quarum

461 1009 660 1051 causa
716 987 917 1052 creati
974 992 1211 1062 essent,
1272 985 1683 1069 deposituros
1740 987 2085 1068 imperium
2143 1010 2212 1053 se
2271 990 2556 1055 aiebant.

398 1110 423 1154 1
586 1087 731 1149 LII.
778 1089 903 1150 Per
964 1088 1048 1149 M.
1100 1085 1437 1163 Duillium,
1500 1086 1614 1167 qui
1676 1087 1980 1151 tribunus
2047 1089 2254 1169 plebis
2320 1090 2558 1167 fuerat,

460 1188 694 1251 certior
737 1188 916 1251 facta
950 1186 1133 1268 plebs
1168 1187 1700 1250 contentionibus
1737 1187 2026 1251 adsiduis
2063 1188 2223 1251 nihil
2261 1192 2555 1271 transigi,

396 1308 428 1351 2
460 1287 528 1351 in
550 1289 818 1351 Sacrum
841 1293 1135 1351 montem
1156 1306 1239 1349 ex
1262 1285 1592 1349 Aventino
1615 1286 1873 1362 transit,
1899 1286 2292 1353 adfirmante
2318 1290 2559 1354 Duillio

460 1410 591 1450 non
627 1387 825 1468 prius,
863 1406 1064 1467 quam
1098 1385 1306 1449 deseri
1341 1386 1571 1448 urbem
1609 1386 1898 1461 videant,
1939 1408 2165 1451 curam
2201 1389 2270 1452 in
2306 1390 2561 1454 animos

461 1493 723 1567 patrum
799 1487 1281 1563 descensuram;
1354 1484 1845 1548 admoniturum
1922 1488 2189 1549 Sacrum
2265 1496 2558 1554 montem

461 1588 869 1650 constantiae
925 1586 1151 1667 plebis,
1208 1584 1614 1664 sciturosque
1669 1584 1806 1648 sine
1863 1586 2172 1649 restituta
2226 1595 2560 1668 potestate

396 1706 427 1749 3
460 1686 808 1749 tribunicia
891 1684 1093 1765 redigi
1175 1684 1239 1747 in
1326 1684 1740 1747 concordiam
1823 1705 2007 1748 resne
2079 1693 2344 1766 queant.
2436 1689 2562 1752 Via

462 1786 896 1861 Nomentana,
970 1783 1076 1848 cui
1144 1790 1289 1847 tum
1361 1783 1682 1846 Ficulensi
1751 1804 1990 1847 nomen
2062 1786 2208 1862 fuit,
2281 1787 2560 1867 profecti

459 1891 674 1947 castra
742 1886 810 1948 in
882 1891 1104 1948 monte
1176 1886 1370 1947 Sacro
1442 1884 1755 1959 locavere,
1829 1885 2220 1947 modestiam
2289 1893 2559 1966 patrum

457 2005 722 2048 suorum
766 1984 927 2047 nihil
974 1983 1277 2048 violando
1320 1982 1583 2045 imitati.
1674 1984 1912 2047 Secuta
1953 1986 2313 2047 exercitum
2350 1986 2556 2065 plebS,

392 2105 425 2146 4
457 2085 653 2161 nullo,
712 2085 824 2165 qui
877 2104 993 2165 per
1045 2089 1332 2148 aetatem
1386 2082 1477 2145 ire
1531 2088 1770 2163 posset,
1821 2090 2240 2148 retractante.
2331 2086 2560 2150 Prose-

458 2192 752 2265 quuntur
806 2186 1108 2265 coniuges
1165 2182 1495 2263 liberique,
1554 2183 1814 2246 cuinam
1869 2205 1938 2247 se
1994 2183 2431 2265 relinquerent
2485 2187 2556 2249 in

454 2307 535 2349 ea
576 2287 755 2361 urbe,
801 2285 869 2347 in
914 2306 1048 2366 qua
1089 2305 1206 2348 nec
1251 2283 1570 2364 pudicitia
1612 2304 1730 2346 nec
1776 2283 2042 2346 libertas
2086 2291 2317 2347 sancta
2358 2293 2552 2362 esset,

456 2385 908 2448 miserabiliter
945 2385 1319 2464 rogitantes

394 2505 419 2549 1
582 2486 764 2547 LIII.
812 2485 980 2547 Tum
1003 2483 1295 2547 Valerius
1326 2482 1770 2563 Horatiusque
1799 2482 1976 2546 missi
2001 2484 2083 2546 ad
2113 2485 2368 2565 plebem
2399 2507 2552 2548 con-

454 2584 839 2660 dicionibus,
889 2584 1128 2665 quibus
1176 2582 1526 2657 videretur,
1566 2583 2001 2645 revocandam
2040 2585 2555 2664 componendas-

453 2704 581 2765 que
630 2705 751 2761 reS,
805 2682 1187 2747 decemviris
1238 2700 1498 2762 quoque
1551 2681 1635 2742 ab
1685 2681 1781 2743 ira
1829 2688 1897 2744 et
1949 2682 2201 2762 impetu
2253 2685 2553 2746 multitu-

388 2805 420 2848 2
452 2783 621 2847 dinis
653 2803 1039 2864 praecavere
1070 2782 1396 2844 iubentur.
1489 2780 1772 2843 Profecti
1805 2782 2041 2860 gaudio
2074 2783 2321 2862 ingenti
2345 2784 2553 2864 plebis

1551 3001 1641 3044 but
1670 2999 1732 3044 cf.
1761 2999 1807 3043 6.
1837 2999 1912 3044 25.
1941 3001 1986 3044 8.
2037 3025 2041 3031 -

1611 3072 1659 3114 3.
1693 3068 1756 3111 ln
1771 3068 1966 3110 monte
1991 3071 2174 3114 Sacroz
2198 3070 2391 3121 usually
2408 3071 2553 3113 Sacer

513 3005 593 3047 12.
628 3003 890 3048 militiae:
915 3002 1149 3055 genitive.
1207 3007 1320 3052 quo
1348 3028 1363 3043 .
1392 3029 1406 3043 .
1436 3028 1449 3042 .

450 3071 724 3115 abissent:
752 3071 920 3112 “from
944 3068 1105 3112 which
1130 3068 1250 3119 they
1275 3065 1447 3109 should

450 3141 578 3182 have
612 3138 788 3191 passed
824 3137 1065 3188 certainly
1099 3136 1185 3179 the
1217 3144 1335 3187 year
1368 3133 1451 3176 be-

450 3206 604 3249 fore.''
670 3205 741 3248 Cf.
777 3207 852 3248 38.
892 3206 933 3247 1.
999 3204 1103 3246 The
1134 3201 1450 3252 subjunctive

449 3275 492 3317 is
520 3285 615 3316 one
641 3273 694 3315 of
722 3270 995 3314 unfuifiued
1027 3271 1295 3323 propriety.

449 3343 560 3385 LII.
617 3342 710 3384 1-4.
763 3339 1041 3382 LIII-LIV.
1093 3339 1139 3381 6.
1222 3337 1452 3380 SEOES-

510 3408 669 3452 SION
714 3407 800 3451 ΟΡ
848 3408 985 3450 ΤΗΕ
1029 3407 1265 3455 PLEBS,·
1314 3406 1451 3448 THE

511 3477 753 3520 DECEM
762 3477 914 3520 VIRS
959 3475 1211 3519 RETIRE
1256 3474 1451 3518 FROM

510 3545 771 3590 OFFICE.

511 3613 619 3656 LII.
643 3612 693 3656 2.
719 3609 1177 3653 admoniturum:
1197 3616 1262 3651 sc.
1278 3606 1446 3659 patres,

445 3678 606 3721 which
678 3682 899 3728 suggests
972 3677 1058 3719 the
1130 3676 1322 3725 subject
1398 3676 1449 3717 oi'

450 3746 662 3789 scituros.
741 3754 901 3789 resno
951 3743 1189 3795 queant:
1241 3743 1326 3785 the
1374 3742 1448 3784 in-

448 3814 598 3856 direct
644 3814 869 3863 question
912 3813 1040 3854 after
1082 3811 1199 3852 scire
1239 3810 1281 3852 is
1322 3820 1441 3854 rare.

1548 3145 1684 3178 mons
1714 3136 1766 3177 in
1799 3135 1939 3186 Livy,
1972 3145 2002 3177 a
2024 3137 2372 3180 conventional
2407 3138 2551 3181 order

1547 3203 1668 3245 such
1728 3213 1783 3244 as
1844 3203 1996 3245 Sacra
2053 3203 2150 3246 υἰα.
2207 3205 2548 3248 modestiam

1548 3269 1802 3321 patrum:
1873 3269 1959 3312 the
1985 3269 2328 3313 sels-restraint
2362 3271 2414 3312 of
2460 3272 2548 3314 the

1549 3337 1651 3378 first
1676 3337 1928 3379 secession.
1995 3336 2067 3379 Cf.
2092 3338 2136 3380 2.
2163 3338 2239 3380 32.
2265 3340 2310 3380 4.
2368 3337 2547 3389 plebs:

1549 3404 1690 3447 those
1721 3403 1915 3445 outside
1947 3403 1998 3444 oi’
2033 3403 2118 3446 the
2147 3414 2304 3456 army.

1613 3471 1748 3514 LIII.
1785 3471 1833 3513 1.
1867 3470 2113 3516 valerius
2144 3472 2546 3524 Horatiusque:

1549 3540 1675 3582 after
1711 3549 1844 3581 some
1880 3537 2060 3580 debate
2094 3539 2146 3580 in
2183 3539 2269 3583 the
2305 3541 2422 3591 city.
2461 3540 2546 3583 the

1549 3606 1817 3649 decemvirs
1873 3606 2047 3654 agreed
2107 3609 2160 3648 to
2217 3607 2363 3648 retire
2421 3607 2546 3648 from

1548 3675 1685 3715 office
1731 3672 1828 3714 and
1877 3672 2014 3714 these
2047 3672 2336 3723 champions
2372 3673 2424 3714 of
2458 3673 2544 3730 the

1550 3741 1674 3790 plebs
1722 3740 1815 3789 (49,
1861 3741 1890 3782 3
1933 3739 2031 3781 and
2075 3739 2128 3789 4)
2172 3750 2297 3782 were
2340 3744 2448 3783 sent
2493 3744 2547 3783 to

1549 3807 1690 3849 recall
1717 3807 1802 3850 the
1826 3806 2060 3849 seceders.
