2925 4375
455 813 478 854 1

511 216 584 271 68
1421 213 1489 265 Τ.
1526 212 1685 266 LIVI
2396 214 2527 303 [Ην.
2580 220 2651 270 10

515 396 726 460 tiones
777 394 930 457 inde
981 393 1420 474 praedaeque;
1472 402 1543 457 et
1596 392 1941 456 dulcedine
1992 394 2239 473 privati
2294 398 2651 460 commodi

513 514 740 559 sensus
787 493 1108 557 malorum
1155 493 1567 575 publicorum
1616 492 1839 569 adimi,
1886 492 2095 557 donec
2142 495 2307 557 orba
2354 497 2649 560 consilio

517 594 890 675 auxilioque
945 593 1204 659 Gabina
1257 614 1360 657 res
1415 592 1551 674 regi
1606 593 1911 657 Romano
1964 593 2107 657 sine
2160 593 2297 657 ulla
2352 594 2652 659 dimica-

517 696 694 760 tione
729 694 798 757 in
833 713 1104 757 manum
1139 692 1444 757 traditur.

643 794 847 857 LVII.
897 792 1180 857 Ardeam
1205 793 1438 856 Rutuli
1465 792 1825 869 habebant,
1850 814 2031 876 gens,
2052 800 2135 857 ut
2158 793 2229 857 in
2252 812 2335 857 ea
2358 795 2646 873 regione

518 904 718 977 atque
783 894 854 958 in
917 912 998 955 ea
1063 900 1303 969 aetate,
1371 892 1621 957 divitiis
1686 893 2115 974 praepollens.
2204 896 2436 976 anue
2484 894 2649 975 ipsa

519 1015 716 1057 causa
773 992 922 1056 belli
981 993 1127 1068 fuit,
1187 992 1364 1074 quod
1421 1012 1541 1055 rex
1596 994 1939 1057 Romanus
1996 1014 2148 1055 cum
2204 994 2343 1074 ipse
2399 994 2643 1073 ditari,

517 1096 878 1158 exhaustus
909 1092 1394 1171 magnificentia
1424 1091 1836 1174 publicorum
1866 1112 2164 1173 operum,
2197 1101 2345 1158 tum
2376 1095 2647 1176 praeda

517 1194 798 1257 delenire
825 1192 1242 1273 popularium
1277 1193 1533 1256 animos
1564 1191 1899 1256 studebat.
1984 1194 2347 1273 Temptata
2370 1214 2477 1257 τω
2502 1202 2641 1272 est,

517 1295 572 1358 si
613 1295 823 1375 primo
863 1292 1115 1372 impetu
1159 1292 1306 1371 capi
1333 1292 1549 1355 Ardea
1588 1298 1830 1371 posset.
1920 1292 2053 1357 Ubi
2092 1292 2161 1355 id
2202 1313 2441 1374 parum
2477 1313 2643 1374 pro·

519 1395 730 1471 cessit,
787 1393 1124 1456 obsidione
1179 1391 1787 1473 munitionibusque
1841 1391 2059 1473 coepti
2114 1394 2321 1473 premi
2378 1394 2637 1458 hostes.

644 1496 724 1558 In
771 1494 870 1556 his
917 1492 1199 1567 stativis,
1245 1499 1326 1556 ut
1373 1492 1452 1554 fit
1498 1491 1692 1571 longo
1739 1491 1947 1571 magis
1994 1512 2197 1574 quam
2246 1493 2379 1555 acri
2426 1493 2633 1571 bello,

517 1595 678 1658 satis
731 1593 913 1656 liberi
965 1598 1372 1656 commeatus
1421 1597 1633 1668 erant,
1688 1590 2082 1673 primoribus
2133 1599 2362 1656 tamen
2414 1594 2637 1673 magis

519 1714 718 1777 quam
773 1691 1116 1769 militibus;
1169 1690 1326 1771 regii
1379 1690 1647 1772 quidem
1698 1690 1969 1754 iuvenes
2021 1690 2357 1756 interdum
2411 1692 2636 1756 otium

518 1794 834 1857 conviviis
903 1790 1569 1872 comisationibusque
1638 1791 1811 1854 inter
1860 1810 1931 1855 se
1984 1792 2309 1855 terebant.
2426 1794 2634 1856 Forte

517 1893 904 1976 potantibus
945 1892 1045 1955 his
1087 1890 1264 1970 apud
1308 1891 1454 1954 Sex.
1496 1890 1951 1972 Tarquinium,
1992 1891 2111 1953 ubi
2149 1897 2221 1955 et
2260 1891 2633 1957 Collatinus

518 1993 796 2057 cenabat
857 1990 1270 2072 Tarquinius,
1337 1990 1553 2070 Egerii
1615 1989 1805 2067 filius,
1868 1990 2101 2055 incidit
2160 1990 2246 2054 de
2304 1992 2632 2057 uxoribus

518 2093 790 2169 mentio;
839 2112 1028 2155 suam
1081 2091 1354 2172 quisque
1406 2089 1675 2153 laudare
1726 2090 1905 2155 miris
1955 2090 2186 2155 modis.
2282 2091 2450 2156 Inde
2492 2111 2635 2155 cer-

518 2194 764 2259 tamine
801 2212 1070 2256 accenso
1108 2191 1469 2254 Collatinus
1504 2197 1703 2270 negat
1738 2191 1955 2255 verbis
1989 2212 2158 2272 opus
2191 2211 2359 2270 esse;
2394 2193 2630 2272 paucis

516 2294 582 2358 id
640 2293 905 2375 quidem
961 2292 1135 2355 horis
1191 2310 1378 2369 posse
1433 2289 1601 2366 sciri,
1660 2298 1988 2372 quantum
2043 2293 2275 2356 ceteris
2329 2299 2629 2372 praestet

518 2394 819 2457 Lucretia
870 2411 1008 2456 sua.
1100 2391 1324 2468 ‘Quin,
1377 2388 1432 2454 si
1486 2389 1671 2470 vigor
1719 2389 2031 2455 iuventae
2081 2391 2272 2469 inest,
2317 2412 2630 2456 conscen-

515 2494 732 2557 dimus
765 2512 968 2573 equos
999 2490 1472 2571 invisimusque
1505 2497 1881 2570 praesentes
1915 2498 2289 2555 nostrarum
2322 2491 2628 2572 ingenia?

516 2595 595 2656 Id
651 2593 884 2674 cuique
957 2590 1513 2670 spectatissimum
1584 2589 1692 2667 sit,
1771 2590 1947 2671 quod
2023 2591 2416 2670 necopinato
2492 2592 2617 2655 viri

579 2813 733 2857 LVII.
770 2813 817 2854 1.
851 2809 1114 2856 Ardeam:
1152 2820 1287 2852 some
1327 2811 1518 2860 twenty
1615 2813 1828 2856 attracts
1880 2811 1947 2853 its
1987 2811 2128 2855 volce
2180 2813 2235 2855 to
2288 2811 2356 2854 its
2408 2811 2625 2864 comple-

516 2882 654 2925 miles
693 2881 740 2924 S.
781 2881 833 2922 oi
873 2879 1044 2921 Rome.
1116 2878 1208 2921 ut:
1247 2888 1327 2920 see
1364 2887 1430 2919 on
1474 2878 1515 2919 1.
1614 2880 1845 2929 mentary
1865 2879 2004 2922 infin.

522 2953 592 2994 18.
629 2951 669 2992 1.
731 2947 923 2991 ditari:
955 2947 1048 2987 “to
1076 2945 1242 2987 enrich
1269 2944 1515 2986 himself.”
1676 2944 1727 2986 4.
1762 2946 2139 2990 commeatus:
2174 2946 2524 2996 “surloughs.”

518 3017 751 3066 Tarquin,
777 3013 1037 3062 according
1062 3017 1116 3054 to
1139 3011 1390 3059 tradition,
1414 3011 1515 3054 had
1677 3013 1726 3054 8.
1761 3012 1947 3055 otium
1991 3041 2005 3054 .
2050 3041 2064 3055 .
2108 3041 2122 3055 .
2162 3012 2449 3056 urebant:
2489 3014 2619 3057 after

516 3083 737 3128 lavished
768 3092 947 3131 money
978 3089 1111 3130 upon
1144 3079 1309 3130 public
1338 3079 1512 3127 works,
1613 3078 1701 3121 the
1727 3078 1939 3130 analogy
1967 3080 2020 3121 of
2046 3081 2231 3130 tempus
2258 3081 2400 3122 terere
2432 3081 2516 3129 (cf.
2546 3081 2617 3132 9).

516 3150 775 3204 especially
802 3149 886 3191 the
912 3147 1184 3197 Capitoline
1209 3145 1390 3196 temple
1415 3147 1514 3188 and
1614 3145 1710 3187 “to
1733 3145 1876 3187 while
1899 3156 2041 3196 away
2065 3145 2240 3188 time.’'

517 3220 602 3263 the
628 3218 802 3261 Cloaca
829 3215 1058 3257 Maxima.
1118 3213 1220 3255 The
1245 3213 1432 3261 Cloaca,
1459 3225 1515 3256 as
1676 3214 1725 3254 8.
1758 3212 1935 3262 apud:
1958 3213 2189 3263 military,
2218 3213 2310 3255 “at
2335 3213 2423 3256 the
2446 3217 2616 3263 quart-

517 3299 590 3329 we
624 3287 768 3328 know
804 3284 859 3331 it,
899 3293 928 3324 a
964 3291 1084 3331 very
1120 3281 1314 3323 ancient
1352 3280 1512 3323 closed
1612 3291 1687 3321 ers
1711 3279 1813 3322 of.''
1872 3279 2203 3324 collatinus:
2228 3280 2305 3322 Le.
2331 3280 2383 3321 of
2408 3280 2617 3324 Collatia

516 3364 678 3402 sewer.
709 3353 819 3403 part
849 3349 901 3392 of
925 3347 1085 3391 which
1111 3349 1153 3390 is
1179 3347 1278 3389 still
1305 3348 1356 3390 in
1383 3358 1515 3390 serv·
1617 3348 1714 3396 (38.
1736 3346 1801 3396 1).
1852 3346 1941 3389 See
1957 3357 2022 3389 on
2039 3348 2115 3388 46.
2134 3348 2179 3389 4.
2230 3347 2387 3390 miris
2407 3348 2616 3392 modis:

516 3422 602 3469 ice.
649 3419 849 3468 belongs
896 3420 949 3459 to
983 3427 1012 3457 a
1042 3415 1167 3458 later
1199 3415 1331 3459 date.
1397 3415 1516 3457 ani·
1611 3415 1788 3465 poetic,
1841 3415 1932 3456 “in
1980 3414 2243 3457 wondrous
2290 3415 2455 3457 wise.”
2539 3415 2613 3459 cf.

517 3495 663 3531 mos:
721 3482 1008 3528 disaffected
1062 3483 1270 3524 because
1322 3481 1373 3524 ot
1429 3482 1515 3525 the
1614 3483 1733 3524 Aen.
1770 3483 1810 3524 1.
1846 3483 1956 3526 354.

516 3555 675 3604 king’s
709 3551 901 3604 general
936 3553 1153 3601 tyranny
1175 3549 1274 3591 and
1306 3548 1516 3592 because
1676 3550 1725 3592 ¹1.
1759 3547 1987 3599 cuique:
2018 3548 2232 3599 brought
2256 3548 2466 3591 forward
2489 3549 2618 3591 from

515 3622 578 3664 he
607 3622 724 3673 kept
764 3619 902 3662 them
939 3620 991 3659 at
1029 3616 1153 3658 hard
1189 3615 1330 3658 labor
1351 3625 1417 3656 on
1439 3615 1516 3658 his
1611 3615 1677 3657 its
1732 3615 1931 3658 natural
1986 3615 2201 3666 position
2256 3617 2306 3658 in
2365 3615 2451 3658 the
2494 3616 2620 3666 quod

515 3689 690 3732 works.
1612 3682 1790 3731 clause,
1814 3681 1975 3724 where
1997 3682 2091 3724 viri
2125 3713 2138 3725 .
2174 3713 2185 3725 .
2226 3713 2237 3725 .
2273 3682 2423 3724 ocu-lis
2455 3692 2621 3733 repre-

578 3757 627 3799 8.
661 3761 866 3806 parum
883 3749 1172 3802 prouenit:
1192 3749 1378 3792 “made
1395 3759 1517 3800 poor
1612 3752 1746 3791 sents
1818 3749 1873 3797 it,
1950 3749 2041 3792 but
2136 3748 2439 3800 emphasizes
2532 3748 2619 3792 the

516 3821 787 3878 progress.’'
858 3817 1064 3872 coepti:
1103 3816 1235 3869 coepi
1272 3816 1515 3868 regularly
1612 3817 1865 3860 character
1922 3817 1974 3860 of
2032 3815 2117 3859 the
2172 3819 2285 3860 test.
2404 3815 2622 3866 speeta-
