2925 4375
271 262 478 330 lix.·2]
1177 265 1414 319 LIBER
1450 264 1479 317 1
2274 279 2277 282 ·
2310 268 2381 323 69

186 460 226 505 8
268 444 576 509 adventu
663 445 1012 510 occurrerit
1097 445 1340 509 oculis!
1474 445 1889 509 Incaluerant
1959 445 2139 523 vino;
2228 447 2377 527 ‘age

267 545 496 608 sanel'
525 565 768 609 omnes.
858 545 1091 609 Citatis
1130 545 1312 627 equis
1353 544 1623 608 avolant
1663 546 1964 608 Romam.
2054 546 2198 623 Quo
2226 531 2373 607 cum

267 644 509 725 primis
563 664 632 708 se
686 644 1179 708 intendentibus
1233 643 1519 707 tenebris
1573 637 2039 723 pervenissent,
2096 654 2375 725 pergunt

188 761 226 803 9
265 743 434 806 inde
482 736 847 823 Collatiam,
895 744 1011 806 ubi
1061 743 1430 807 Lucretiam
1481 743 1994 824 haudquaquam
2040 750 2122 809 ut
2169 746 2374 825 regias

269 863 506 921 nurus,
552 863 716 925 quas
756 844 827 907 in
868 844 1170 907 convivio
1215 843 1505 925 luxuque
1566 862 1714 905 cum
1774 842 2153 929 aequalibus
2198 844 2375 907 vide-

268 950 434 1006 rant
461 950 722 1023 tempus
749 951 1052 1022 terentes,
1081 943 1195 1007 sed
1235 950 1425 1006 nocte
1463 962 1606 1007 sera
1645 943 1936 1006 deditam
1976 944 2162 1007 lanae
2200 944 2372 1007 inter

269 1044 702 1106 lucubrantes
751 1043 1016 1107 ancillas
1064 1043 1134 1106 in
1186 1043 1398 1105 medio
1468 1042 1728 1105 aedium
1792 1042 2127 1106 sedentem
2193 1043 2373 1106 inve-

268 1142 492 1206 niunt.
584 1143 914 1206 Muliebris
958 1142 1328 1206 certaminis
1373 1142 1513 1206 laus
1558 1162 1753 1221 penes
1799 1136 2167 1205 Lucretiam
2222 1143 2368 1206 fuit.

269 1242 655 1307 Adveniens
736 1242 837 1305 vir
915 1242 1380 1323 Tarquiniique
1441 1242 1699 1321 excepti
1782 1241 2053 1321 benigne
2062 1262 2081 1320 3
2163 1243 2374 1305 victor

268 1342 557 1406 maritus
610 1343 883 1406 comiter
934 1341 1178 1405 invitat
1232 1342 1438 1421 regios
1480 1341 1765 1405 iuvenes.
1857 1342 1959 1402 Ibi
2014 1343 2158 1405 Sex.
2215 1344 2372 1405 Tar-

269 1442 578 1522 quinium
653 1442 826 1506 mala
897 1441 1097 1505 libido
1171 1441 1509 1505 Lucretiae
1581 1460 1696 1520 per
1766 1441 1901 1502 vim
1972 1441 2370 1521 stuprandae

157 1562 220 1603 11
267 1543 483 1622 capit3
522 1562 672 1604 cum
708 1542 918 1605 forma
953 1548 1098 1605 tum
1125 1547 1424 1621 spectata
1453 1540 1722 1603 castitas
1758 1540 2009 1603 incitat.
2101 1542 2189 1604 Et
2226 1548 2371 1605 tum

269 1640 545 1723 quidem
587 1641 671 1703 ab
710 1648 1029 1705 nocturno
1068 1640 1353 1703 iuvenali
1393 1639 1547 1702 ludo
1586 1639 1655 1702 in
1695 1647 1907 1703 castra
1946 1639 2239 1704 redeunt.
2358 1720 2362 1727 .

195 1762 222 1803 1
404 1741 582 1803 LIX.
631 1742 896 1818 Brutus,
926 1740 1049 1803 illis
1078 1740 1256 1802 luctu
1285 1738 1641 1818 occupatis,
1674 1740 1955 1801 cultrum
1996 1760 2080 1801 ex
2106 1740 2369 1803 vulnere

271 1840 620 1902 Lucretiae
669 1847 1040 1903 extractum
1092 1846 1472 1902 manantem
1523 1858 1745 1901 cruore
1795 1858 1952 1918 prae
2000 1859 2068 1902 se
2119 1846 2366 1917 tenens,

270 1942 425 2020 ‘per
485 1940 686 2002 hunc’
746 1938 992 2020 inquit,
1023 1938 1491 2001 fcastissimum
1553 1945 1705 2001 ante
1764 1938 2005 2018 regiam
2064 1937 2367 2003 iniuriam

267 2039 658 2118 sanguinem
714 2038 856 2103 iuro
914 2058 1180 2119 vosque,
1243 2038 1352 2115 dii,
1413 2044 1616 2101 testes
1672 2038 1857 2115 facio,
1920 2057 2023 2100 me
2083 2039 2151 2101 L.
2211 2040 2368 2102 Tar-

269 2138 575 2220 quinium
619 2139 984 2219 Superbum
1026 2158 1176 2201 cum
1217 2138 1531 2203 scelerata
1574 2137 1841 2218 coniuge
1882 2145 1950 2202 et
1991 2138 2170 2202 omni
2212 2138 2368 2202 libe-

267 2259 496 2302 rorum
546 2239 748 2320 stirpe
799 2240 987 2315 ferro,
1039 2239 1190 2318 igni,
1243 2257 1656 2319 quacumque
1705 2237 1936 2301 dehinc
1987 2239 2054 2300 vi
2104 2239 2365 2320 possim,

266 2346 681 2416 exacturum,
759 2360 874 2402 nec
948 2338 1089 2402 illos
1164 2358 1279 2400 nec
1355 2337 1553 2400 alium
1629 2356 2026 2418 quemquam
2100 2358 2365 2418 regnare

196 2463 230 2504 2
269 2439 529 2502 Romae
603 2439 987 2518 passurum!
1076 2438 1373 2501 Cultrum
1449 2437 1681 2499 deinde
1746 2437 2064 2500 Collatino
2142 2438 2365 2516 tradit,

268 2538 428 2601 inde
468 2539 766 2602 Lucretio
807 2559 880 2601 ac
920 2537 1194 2612 Valerio,
1235 2535 1655 2616 stupentibus
1694 2536 2002 2599 miraculo
2040 2537 2150 2614 rei,
2190 2538 2365 2600 unde

269 2657 524 2702 novum
595 2637 665 2701 in
735 2637 925 2701 Bruti
996 2644 1256 2718 pectore
1328 2635 1677 2714 ingenium.
1796 2637 1889 2700 Ut
1942 2644 2365 2717 praeceptum

267 2744 438 2815 erat,
495 2737 716 2801 iurant
725 2758 742 2816 ;
799 2737 1054 2818 totique
1111 2736 1195 2799 ab
1251 2735 1432 2798 luctu
1491 2735 1658 2798 versi
1712 2734 1781 2798 in
1836 2735 2020 2812 iram,
2082 2738 2365 2800 Brutum

266 2838 408 2901 iam
445 2837 596 2900 inde
636 2837 718 2900 ad
757 2836 1266 2917 expugnandum
1305 2855 1575 2915 regnum
1616 2843 1961 2898 vocantem
1999 2844 2365 2916 sequuntur

155 1261 228 1304 10

265 3055 590 3100 tissimum:
647 3056 677 3074 ⁸·
687 3055 774 3099 the
840 3055 950 3098 best
987 3051 1271 3097 evidence.”
1370 3051 1511 3101 tives,
1559 3051 1783 3095 revealed
1829 3055 1883 3095 to
1927 3052 2065 3096 them
2110 3051 2370 3104 Tarquin’s

336 3125 386 3166 8.
418 3122 848 3166 intendentibus
887 3121 1155 3166 tenebris:
1191 3121 1268 3163 i.e.

265 3189 400 3233 “the
441 3189 618 3232 shades
659 3191 711 3232 of
751 3189 892 3240 night
935 3200 1060 3232 were
1103 3187 1272 3237 falling

265 3256 423 3302 fast.''

330 3326 383 3368 ο.
417 3323 480 3366 ln
566 3325 751 3368 medlo
837 3324 1089 3366 aedium:
1131 3339 1174 3354 =
1213 3321 1269 3364 in

249 3391 440 3434 -mediis
471 3390 688 3439 aedibus,-
720 3394 804 3433 the
835 3390 1026 3439 atrium,
1062 3392 1150 3433 not
1184 3389 1270 3431 the

266 3459 490 3508 banquet
516 3457 632 3500 hall.

331 3526 414 3569 10.
447 3533 544 3574 per
591 3525 712 3568 vim
761 3525 1128 3576 stuprandae:
1179 3524 1271 3566 “of

266 3592 476 3642 offex-ing
499 3592 719 3634 violence
742 3591 847 3634 to.'’

331 3660 412 3702 11.
447 3659 578 3702 tum
632 3657 888 3709 quidem:
955 3658 1136 3702 Sextus
1199 3668 1272 3700 re-

267 3727 472 3776 turning
549 3725 688 3775 later,
768 3725 1008 3775 however,
1088 3725 1268 3768 offered

266 3793 490 3835 violence
519 3796 574 3834 to
606 3792 845 3841 Lucretia,
876 3793 987 3834 who
1015 3793 1268 3835 forthwith

265 3859 560 3903 summoned
602 3858 690 3902 her
732 3859 959 3902 husband
1006 3860 1104 3902 and
1150 3859 1270 3901 tela·-

1369 3119 1531 3168 crime,
1588 3119 1685 3162 and
1743 3120 2015 3171 thereupon
2070 3120 2283 3172 plunged
2337 3132 2369 3165 a

1368 3186 1503 3228 knife
1526 3186 1634 3229 into
1659 3186 1746 3230 her
1770 3186 1928 3230 heart.

1367 3303 1503 3346 LIX.
1529 3303 1637 3346 LX.
1696 3301 2091 3352 EXPULSION
2116 3302 2201 3346 OF
2231 3303 2368 3348 THE

1428 3370 1623 3419 KING:
1680 3370 2018 3414 ELECTION
2075 3370 2162 3415 OF
2224 3373 2367 3416 Two

1430 3437 1747 3482 CONSULS.

1432 3523 1566 3566 LIX.
1603 3524 1651 3566 1.
1686 3524 1917 3568 Brutus:
1970 3523 2160 3574 though
2210 3524 2365 3568 called

1369 3592 1496 3634 “the
1525 3591 1781 3638 Dullard.”
1806 3591 1869 3633 he
1893 3601 2002 3632 now
2028 3591 2253 3634 becomes
2276 3592 2367 3634 im-

1367 3661 1570 3710 portant
1606 3669 1661 3700 as
1695 3669 1725 3700 a
1757 3659 1990 3701 liberator
2023 3657 2076 3700 of
2108 3656 2185 3700 his
2217 3668 2367 3700 coun-

1367 3729 1465 3776 try.
1549 3724 1683 3768 uus:
1738 3725 2005 3767 Lucretia's
2055 3724 2216 3766 father
2266 3724 2364 3768 and

1368 3792 1613 3835 husband.
1681 3792 1826 3835 terro
1867 3821 1881 3834 .
1921 3820 1935 3834 .
1976 3820 1990 3834 .
2026 3793 2106 3836 vi:
2154 3801 2185 3833 a
2220 3801 2366 3842 prov-

1369 3859 1519 3901 erbial
1550 3860 1845 3910 expression.
1908 3859 1979 3902 Cf.
2010 3860 2055 3902 2.
2090 3860 2161 3902 10.
2192 3860 2237 3901 4.
