2925 4375
404 276 579 331 xlviii.
614 274 671 341 2]
1281 244 1517 328 L'mER
1552 274 1603 330 v
2397 282 2496 332 125

312 470 364 514 6
404 454 713 538 prolapsa
737 455 904 519 acies
928 456 996 517 in
1020 474 1327 535 praeceps
1352 454 1604 519 deferri.
1681 455 1923 521 Sedato
1949 456 2181 521 deinde
2205 458 2496 521 tumultu

406 555 728 636 reliquum
770 554 998 630 noctiS,
1043 561 1367 635 quantum
1409 556 1478 618 in
1518 556 1801 620 turbatis
1843 558 2171 621 mentibus
2212 564 2491 639 poterat,

407 676 558 719 cum
610 654 1042 735 ,praeteritum
1101 674 1360 735 quoque
1417 656 1775 735 periculum
1833 657 2226 735 sollicitaret,
2289 658 2497 740 quieti

405 756 641 819 datum
680 760 796 817 est.

334 872 370 915 '7
534 855 708 917 Luce
770 858 920 916 orta
982 852 1233 915 vocatis
1298 852 1562 916 classico
1628 854 1710 917 ad
1777 855 2119 919 concilium
2186 855 2499 921 militibus

408 953 492 1018 ad
548 954 866 1029 tribunos,
922 973 1072 1015 cum
1124 959 1193 1016 et
1245 960 1419 1016 recte
1471 961 1540 1017 et
1593 974 1932 1035 perperam
1986 956 2162 1020 facto
2216 940 2500 1037 pretium

385 1053 773 1130 -deberetur,
820 1051 1098 1117 Manlius
1139 1054 1424 1133 primum
1464 1054 1552 1117 ob
1595 1054 1909 1118 virtutem
1953 1054 2258 1119 laudatus
2299 1056 2500 1119 dona-

407 1161 647 1235 tusque
706 1174 840 1217 non
894 1152 981 1216 'ab
1042 1152 1320 1216 tribunis
1363 1141 1590 1216 ‘solum
1650 1154 1952 1231 militum,
2013 1155 2126 1219 sed
2187 1176 2500 1219 consensu

339 1272 372 1312 8
406 1254 611 1316 etiam
658 1252 922 1317 militari
932 1274 949 1329 ;
997 1252 1101 1316 cui
1146 1252 1431 1316 universi
1475 1252 1742 1317 selibras
1788 1254 1975 1318 farris
2020 1261 2088 1318 et
2135 1256 2500 1337 quartarios

409 1352 546 1417 vini
586 1353 668 1416 ad
709 1352 901 1417 aedes
938 1353 1095 1429 eiuS‚
1138 1372 1305 1434 quae
1344 1352 1413 1416 in
1452 1374 1596 1416 arce
1635 1361 1841 1430 erant,
1885 1354 2322 1431 contulerunt,
2365 1376 2500 1418 rem

406 1452 592 1517 dictu
634 1473 929 1533 parvam,
976 1459 1264 1516 ceterum
1307 1453 1528 1534 inopia
1569 1453 1810 1517 fecerat
1852 1475 1999 1517 eam
2038 1462 2529 1534 argumentum-

406 1551 635 1633 ingens
698 1553 1008 1629 caritatiS,
1077 1574 1227 1616 cum
1290 1574 1357 1617 se
1424 1554 1697 1635 quisque
1763 1555 1944 1619 victu
1990 1576 2125 1619 ‚suo
2171 1554 2501 1627 ‚fraudans
2570 1615 2574 1619 .

404 1652 780 1717 detractum
827 1652 1078 1733 corpori
1125 1660 1324 1734 atque
1372 1653 1596 1717 usibus
1641 1655 2012 1717 necessariis
2059 1655 2143 1718 ad
2190 1656 2500 1717 honorem

338 1768 371 1813 9
405 1753 599 1817 unius
654 1752 776 1814 viri
830 1752 1168 1817 conferret.
1267 1754 1435 1815 Tum
1480 1754 1702 1837 vigiles
1749 1755 1885 1817 eius
1941 1753 2083 1831 loci,
2139 1775 2273 1835 qua
2324 1753 2501 1817 fefel—

406 1852 571 1916 lerat
628 1853 980 1917 ascendens
1035 1854 1261 1930 hostiS‚
1322 1854 1535 1931 citati3
1591 1860 1658 1917 et
1715 1874 1864 1917 cum
1919 1854 1988 1917 in
2043 1874 2267 1917 omnes
2323 1874 2501 1917 more

406 1951 673 2017 militari
718 1973 787 2017 se
836 1952 1441 2017 animadversurum
1492 1954 1566 2031 Q.
1619 1953 1939 2033 Sulpicius
1986 1953 2288 2017 tribunus
2336 1953 2501 2014 mili-

304 2068 365 2110 10
403 2060 550 2117 tum
623 2053 1131 2133 pronuntiasset,
1208 2054 1652 2117 consentiente
1727 2053 2004 2116 clamore
2077 2053 2359 2115 militum
2433 2053 2499 2115 in

403 2172 611 2218 unum
656 2152 916 2232 vigilem
962 2152 1421 2218 conicientium
1469 2153 1749 2234 culpam,
1795 2153 2143 2216 deterritus
2189 2175 2228 2217 a
2272 2152 2498 2216 ceteris

405 2251 745 2330 abstinuit,
790 2273 973 2315 reum
1014 2253 1193 2316 haud
1234 2253 1511 2316 dubium
1551 2254 1688 2316 eius
1729 2274 1939 2316 noxae
1983 2252 2498 2334 adprobantibus

298 2369 359 2410 11
403 2353 655 2416 cunctis
736 2351 817 2416 de
890 2373 1056 2416 ‚saxo
1138 2353 1391 2416 deiecit.
1484 2352 1646 2416 Inde
1707 2353 2089 2416 intentiores
2169 2353 2498 2432 utrimque

402 2452 738 2516 custodiae
775 2472 933 2529 esse,
972 2458 1041 2516 et
1081 2454 1257 2533 apud
1297 2451 1535 2529 Gallos,
1578 2453 1732 2532 quia
1771 2452 2113 2532 vulgatum
2149 2459 2290 2515 erat
2330 2453 2499 2516 inter

400 2551 593 2615 Veios
638 2553 1051 2634 Romamque
1095 2553 1361 2617 nuntios
1405 2572 1788 2628 commeare,
1833 2558 1901 2615 et
1946 2552 2120 2632 apud
2165 2553 2498 2615 Romanos

402 2650 486 2714 ab
526 2653 830 2715 nocturni
868 2651 1139 2733 periculi
1180 2653 1510 2716 memoria.

335 2767 360 2808 1
528 2751 839 2814 XLVIII.
890 2753 1015 2816 Sed
1078 2760 1230 2815 ante
1290 2753 1514 2815 omnia
1571 2752 1926 2816 obsidionis
1985 2751 2263 2832 bellique
2325 2745 2498 2814 mala
2574 2779 2580 2786 ·

331 2867 366 2908 2
399 2849 607 2915 fames
665 2858 1019 2933 utrumque
1076 2854 1434 2916 exercitum
1493 2852 1788 2931 urgebat,
1851 2852 2068 2915 Gallos
2126 2851 2497 2932 pestilentia

399 2949 625 3028 etiam,
672 2972 822 3014 cum
869 2951 1008 3015 loco
1054 2952 1304 3014 iacente
1350 2952 1521 3014 inter
1565 2952 1854 3014 tumulos
1901 2958 2115 3014 castra
2159 2951 2492 3026 habenteS,

401 3055 547 3112 tum
598 3050 681 3114 ab
732 3050 1046 3114 incendiis
1098 3052 1343 3115 torrido
1392 3058 1461 3115 et
1513 3051 1774 3132 vaporis
1823 3051 2014 3131 pleno
2066 3051 2492 3130 cineremque,

402 3169 535 3218 non
590 3148 927 3228 pulverem
988 3151 1182 3214 modo
1241 3151 1510 3227 ferente,
1573 3172 1722 3214 cum
1782 3151 1938 3232 quid
2001 3149 2182 3212 venti
2241 3156 2495 3212 motum

462 3402 511 3444 7.
544 3402 616 3445 ad
646 3401 931 3447 tribunos:
961 3402 1046 3446 the
1076 3408 1397 3454 government
1559 3405 1610 3447 ο.
1645 3412 1798 3447 more
1873 3402 2131 3447 multari:
2209 3402 2498 3454 “following

398 3472 451 3512 at
482 3469 580 3512 this
608 3471 730 3513 time
756 3481 858 3512 was
886 3470 1057 3513 vested
1085 3472 1137 3513 in
1167 3473 1241 3513 six
1271 3470 1397 3513 mlli-
1497 3471 1714 3522 military
1734 3471 1932 3520 usage.”

398 3539 511 3588 tary
568 3536 791 3580 tribunes
846 3536 958 3579 who
1014 3536 1114 3580 had
1172 3538 1399 3581 consular
1561 3537 1794 3581 XLVIII.
1828 3539 1878 3580 2.
1913 3547 2047 3581 oum
2079 3537 2218 3588 1000.
2257 3541 2372 3581 etc.:
2408 3536 2496 3580 the

399 3613 575 3653 power.
635 3602 812 3646 tacto:
842 3613 921 3646 see
947 3613 1012 3645 on
1041 3605 1085 3647 3.
1116 3606 1192 3648 47.
1224 3606 1269 3648 2.
1496 3605 1637 3648 order
1685 3606 1727 3648 is
1775 3605 1991 3648 habentes
2039 3607 2192 3647 castra
2239 3606 2337 3648 loco
2385 3616 2495 3649 cum

460 3670 509 3712 8.
543 3670 881 3722 qun-tanos:
912 3670 1005 3712 less
1036 3671 1160 3713 than
1190 3682 1221 3714 a
1252 3681 1398 3721 quar-
1495 3672 1672 3714 iacente
1695 3703 1707 3715 .
1733 3703 1745 3715 .
1771 3703 1783 3714 .
1807 3674 1906 3714 tum
1937 3673 2110 3715 torrido
2147 3673 2204 3714 ab
2238 3673 2492 3716 incendii-3.

397 3738 472 3778 ter
496 3737 547 3778 of
571 3747 601 3778 a
625 3737 751 3788 pint.
810 3735 1154 3780 detractum:
1184 3755 1227 3770 =
1253 3748 1285 3780 a
1309 3737 1394 3781 rel.
1495 3736 1732 3781 terente:
1764 3737 1885 3780 with
1918 3738 2036 3786 loco.-
2068 3738 2275 3788 “giving
2305 3739 2494 3782 forth.”

396 3802 573 3852 clause,
613 3802 868 3854 repeating
904 3802 990 3846 the
1026 3803 1138 3846 idea
1158 3799 1227 3846 ‘ot
1262 3804 1397 3855 trau-
1495 3812 1628 3848 eum
1667 3833 1680 3848 .
1720 3834 1734 3848 .
1773 3834 1787 3848 .
1823 3806 1989 3848 osset:
2023 3805 2274 3854 iteratim:
2310 3805 2492 3848 “when

394 3870 531 3916 dans.
593 3871 664 3916 Of.
696 3873 740 3914 2.
775 3871 845 3915 10.
880 3871 952 3916 13.
1496 3871 1633 3917 there
1657 3882 1758 3917 was
1784 3872 1870 3918 the
1896 3872 2118 3925 slightest
2146 3872 2366 3918 breeze.”
