2925 4375
370 229 566 285 xxxiii.
606 226 691 293 14]
1230 224 1468 281 LIBER
1503 224 1613 282 VII
2367 228 2470 282 135

371 413 703 491 augebant
740 431 950 473 novae
987 414 1087 473 res
1124 418 1344 489 gestae
1380 417 1448 474 et
1488 431 1731 490 paucos
1770 416 1923 473 ante
1960 408 2102 483 dies
2137 408 2468 489 geminata

371 512 665 587 victoria,
748 512 1062 573 Romanis
1140 517 1369 573 contra
1444 510 2069 592 quadringentorum
2150 530 2468 571 annorum

304 626 334 668 '7
367 611 607 675 decora
637 617 705 674 et
739 610 1041 673 conditae
1075 610 1221 673 urbi
1254 610 1545 692 aequalis
1581 610 1881 685 victoria3
1916 609 2209 689 utrisque
2243 616 2468 672 tamen

369 732 583 774 novus
630 710 835 773 hostis
883 731 1105 773 curam
1156 709 1459 773 addebat.
1553 709 1781 788 Pugna
1825 708 2063 771 indicio
2112 708 2258 784 fuit,
2306 729 2469 789 quos

370 811 684 890 gesserint
717 811 967 873 animos
977 830 993 886 ;
1026 831 1309 890 namque
1340 811 1437 873 ita
1470 810 1921 876 conflixerunt.
1957 815 2031 871 ut
2065 807 2468 888 aliquamdiu

302 927 335 968 8
369 909 438 972 in
478 916 781 972 neutram
822 916 1076 989 partem
1115 910 1503 973 inclinarent
1544 910 1730 973 acies.
1799 909 1967 970 Tum
2010 906 2232 971 consul
2272 908 2470 987 trepi-

371 1009 707 1072 dationem
739 1008 1128 1072 iniciendam
1162 1016 1363 1086 ratus,
1399 1009 1665 1089 quando
1696 1008 1764 1070 vi
1794 1008 1945 1088 pelli
1975 1029 2106 1070 non
2137 1014 2464 1086 poterant,

371 1109 705 1189 equitibus
764 1109 1069 1171 immissis
1129 1109 1393 1172 turbare
1453 1110 1667 1189 prima
1725 1109 1910 1187 signa
1969 1108 2257 1170 hostium
2319 1128 2471 1169 con-

303 1226 335 1267 9
373 1215 542 1271 atur.
633 1207 810 1283 Quos
890 1209 1002 1270 ubi
1082 1209 1482 1288 nequiquam
1545 1208 2026 1271 tumultuantes
2106 1207 2169 1269 in
2251 1208 2466 1286 spatio

372 1308 607 1386 exiguo
651 1307 910 1370 volvere
952 1314 1205 1370 turmas
1247 1308 1415 1371 vidit
1458 1329 1576 1372 nec
1619 1328 1805 1387 posse
1850 1307 2095 1387 aperire
2137 1308 2205 1368 in
2248 1307 2467 1369 hostes

376 1407 573 1483 viam,
611 1414 909 1470 revectus
945 1408 1028 1470 ad
1066 1408 1525 1486 antesignanos
1559 1407 1884 1487 legionum
1920 1427 2070 1469 cum
2105 1406 2467 1469 desiluisset

272 1525 337 1567 10
372 1526 456 1568 ex
507 1526 696 1586 equo,
754 1508 1082 1569 ‘nostrum
1097 1507 1123 1535 ’'
1169 1507 1383 1587 inquit
1438 1507 1767 1587 ‘peditum
1820 1506 2000 1581 illud,
2057 1505 2313 1583 milites,
2369 1512 2468 1569 est

374 1626 565 1686 opus:
622 1606 972 1685 agitedum,
1030 1612 1105 1669 ut
1159 1626 1263 1668 me
1318 1607 1628 1684 videritis,
1685 1626 2099 1688 quacumque
2151 1607 2468 1674 incessero

374 1706 444 1767 in
482 1706 687 1768 aciem
725 1706 1032 1782 hostium,
1074 1706 1241 1768 ferro
1281 1707 1456 1768 viam
1498 1707 1866 1783 facientem,
1904 1706 1996 1769 sic
2035 1727 2153 1785 pro
2189 1726 2258 1769 se
2297 1706 2471 1785 quis-

376 1825 503 1885 que
537 1805 767 1868 obvios
802 1806 1073 1868 sternite
1084 1826 1099 1882 ;
1136 1804 1245 1867 illa
1278 1807 1520 1883 omnia,
1558 1827 1692 1887 qua
1725 1827 1900 1869 nunc
1933 1813 2188 1869 erectae
2225 1806 2469 1868 micant

276 1922 335 1964 11
374 1905 623 1981 hastae,
668 1904 1004 1983 patefacta
1043 1911 1259 1984 strage
1300 1912 1494 1968 vasta
1533 1906 1849 1969 cernetis.'
1938 1906 2068 1969 Vix
2108 1908 2264 1968 haec
2293 1905 2474 1967 dicta

376 2003 667 2079 dederat,
707 2025 857 2066 cum
893 2005 1147 2084 equites
1185 2005 1463 2067 consulis
1503 2006 1678 2068 iussu
1716 2006 2088 2068 discurrunt
2126 2006 2194 2066 in
2230 2025 2474 2067 cornua

378 2102 863 2183 legionibusque
907 2104 973 2166 in
1018 2103 1299 2166 mediam
1345 2106 1549 2167 aciem
1595 2106 1898 2184 aperiunt
1943 2106 2138 2167 viam.
2219 2104 2474 2166 Primus

376 2204 669 2266 omnium
713 2203 937 2267 consul
981 2204 1237 2268 invadit
1280 2205 1560 2282 hostem,
1606 2212 1694 2282 et,
1742 2226 1892 2267 cum
1938 2226 2069 2286 quo
2114 2205 2282 2268 forte
2325 2226 2476 2267 con-

278 2323 341 2364 12
377 2303 531 2365 tulit
571 2303 865 2382 gradum,
908 2304 1281 2367 obtruncat.
1373 2305 1516 2367 Hoc
1556 2304 1928 2384 spectaculo
1966 2305 2217 2368 accensi
2242 2305 2477 2367 dextra

377 2402 693 2483 laevaque
740 2411 893 2466 ante
937 2424 1005 2466 se
1051 2405 1323 2484 quisque
1371 2405 1866 2467 memorandum
1914 2401 2231 2484 proelium
2278 2405 2468 2466 cient.

378 2502 572 2564 Stant
608 2502 830 2565 obnixi
869 2503 1215 2579 Samnites,
1243 2524 1647 2584 quamquam
1684 2504 1873 2583 plura
1911 2504 2240 2583 accipiunt
2277 2523 2476 2583 quam

278 2621 342 2662 13
376 2600 665 2664 inferunt
694 2602 979 2665 vulnera.
1072 2603 1495 2683 Aliquamdiu
1528 2603 1660 2665 iam
1694 2611 2061 2683 pugnatum
2094 2610 2257 2679 erat,
2288 2610 2479 2665 atrox

379 2699 607 2764 caedes
653 2701 823 2764 circa
868 2702 1053 2781 signa
1100 2703 1515 2779 Samnitium,
1569 2703 1725 2782 fuga
1773 2703 1856 2765 ab
1904 2702 2243 2765 nulladum
2289 2709 2477 2782 parte

280 2822 341 2863 14
375 2807 517 2863 erat
528 2821 544 2877 ;
582 2801 742 2864 adeo
780 2809 989 2864 morte
1022 2802 1162 2865 sola
1197 2801 1368 2864 vinci
1404 2801 1901 2866 destinaverant
1938 2802 2189 2866 animis.
2240 2803 2476 2882 Itaque

380 2900 682 2978 Romani,
740 2921 891 2963 cum
944 2908 1012 2964 et
1068 2902 1263 2964 fluere
1316 2901 1448 2964 iam
1504 2901 1886 2965 lassitudine
1941 2902 2110 2965 vires
2161 2902 2479 2964 sentirent

376 3005 445 3061 et
503 2999 629 3062 diei
688 3001 865 3063 haud
925 3001 1209 3062 multum
1267 3021 1621 3080 superesse,
1684 3001 1932 3064 accensi
1993 3002 2088 3064 ira
2145 3001 2480 3064 concitant

378 3154 431 3197 of
460 3155 654 3208 victory
684 3158 1017 3202 co-extensive
1048 3157 1221 3202 with.”
1479 3157 1709 3208 ipsorum.
1749 3161 1794 3202 5.
1835 3160 1909 3202 38.
1949 3160 1993 3202 7.
2063 3166 2164 3210 pro
2201 3166 2282 3201 net
2320 3157 2478 3200 “with

442 3223 493 3267 ⁹.
530 3225 672 3276 Quos
720 3255 733 3268 .
791 3255 804 3268 .
862 3255 873 3268 .
926 3226 1378 3269 tumultuantes:
1480 3225 1544 3268 all
1586 3226 1660 3269 his
1701 3227 1910 3276 might.''
1984 3226 2198 3269 erectae
2240 3225 2482 3268 micant:

380 3290 466 3332 the
496 3291 669 3340 equites
698 3303 824 3335 were
855 3293 1133 3336 ineffective
1166 3293 1379 3341 through
1481 3292 1691 3335 ‘'bristle
1717 3293 1813 3335 and
1841 3292 2017 3335 flash.”

378 3359 634 3401 confusion
680 3360 730 3402 in
779 3360 906 3402 their
952 3361 1087 3403 lines.
1167 3360 1380 3410 aperire
1544 3361 1623 3401 12.
1658 3359 1850 3403 dextra
1871 3359 2167 3411 laevaque:
2189 3359 2242 3402 or
2262 3358 2348 3402 the
2369 3369 2482 3400 con-

383 3451 403 3469 ·
439 3453 453 3466 .
492 3453 505 3468 .
539 3425 717 3469 viam:
752 3437 781 3468 a
817 3427 977 3478 poetic
1011 3427 1187 3478 phrase
1220 3426 1379 3468 which
1480 3425 1570 3468 sul.
1660 3425 1938 3476 proelium
1994 3426 2169 3469 cient:
2226 3425 2482 3468 elsewhere

380 3490 467 3533 the
494 3492 809 3534 commander
836 3493 984 3544 drops
1012 3494 1061 3536 in
1096 3496 1167 3536 10.
1224 3494 1381 3537 ante·
1481 3492 1599 3536 used
1633 3493 1751 3544 only
1783 3494 1834 3534 of
1867 3493 1952 3536 the
1981 3492 2170 3535 leaders
2209 3493 2290 3541 (cf.
2330 3493 2370 3534 1.
2410 3493 2480 3534 12.

381 3557 670 3608 signanus:
694 3559 819 3602 “the
839 3559 995 3607 van;''
1016 3563 1114 3602 two
1134 3560 1269 3608 lines,
1294 3560 1381 3602 the
1481 3561 1548 3609 2),
1577 3559 1667 3602 but
1703 3559 1816 3602 here
1849 3559 1968 3602 each
2003 3562 2108 3601 acts
2144 3569 2228 3609 pro
2275 3570 2324 3602 se
2361 3557 2480 3608 (10).

380 3623 555 3667 hastati
584 3625 683 3668 and
716 3625 971 3676 principes,
1007 3627 1181 3676 fought
1213 3625 1381 3669 before
1545 3627 1624 3670 1³.
1658 3624 1983 3669 nulladum:
2012 3624 2180 3668 “none
2206 3636 2260 3667 as
2286 3625 2426 3676 γεῖς’·
2453 3636 2482 3666 a

379 3689 468 3734 the
494 3690 647 3741 εἰσηα.
1479 3703 1587 3734 rare
1615 3692 1967 3741 combination,
2000 3693 2127 3734 after
2157 3691 2244 3734 the
2272 3690 2482 3744 analogy

445 3758 524 3799 10.
558 3758 839 3808 peditum:
862 3770 968 3808 gen.
991 3759 1042 3801 in
1065 3770 1235 3810 appos.
1258 3759 1381 3801 with
1479 3759 1532 3801 of
1556 3760 1783 3801 nondum.
1845 3759 1915 3801 Cf.
1944 3759 1989 3800 9.
2022 3759 2093 3800 12.
2123 3759 2167 3801 3.

381 3823 468 3866 the
502 3825 771 3876 possessive
807 3825 907 3875 adj.
978 3825 1066 3870 See
1101 3837 1167 3868 on
1202 3827 1382 3868 suomet
1544 3825 1624 3869 14.
1659 3825 1856 3870 fluere:
1888 3824 2161 3876 “ebbing.''
