2925 4375
335 210 448 261 xxi.
494 211 542 277 1]
1226 211 1462 263 LIBER
1500 211 1529 263 1
2362 214 2429 266 47

262 399 296 441 4
333 387 496 452 biles
567 411 641 453 ac
714 386 976 455 sanctas
1048 390 1220 454 fecit.
1311 390 1517 455 Salios
1586 391 1747 454 item
1818 390 2162 455 duodecim
2236 392 2431 456 Marti

335 490 624 554 Gradivo
676 491 849 571 legit,
900 490 1288 572 tunicaeque
1336 492 1552 571 pictae
1599 492 1846 571 insigne
1894 491 2076 555 dedit
2123 498 2192 556 et
2240 511 2433 571 super

333 591 629 652 tunicam
699 611 971 653 aeneum
1039 591 1286 676 pectori
1353 576 1661 671 tegumen
1728 590 2159 672 caelestiaque
2227 612 2428 666 arma,

333 709 506 770 quae
541 689 775 753 ancilia
809 690 1241 769 appellantur,
1278 690 1442 751 ferre
1478 710 1552 754 ac
1588 710 1704 770 per
1735 692 1963 753 urbem
1998 692 2090 753 ire
2126 678 2432 754 canentes

262 801 293 842 5
333 789 626 853 carmina
663 810 812 852 cum
849 790 1152 869 tripudiis
1185 789 1610 874 sollemnique
1646 790 1891 854 saltatu
1919 791 2127 854 iussit.
2210 792 2434 853 Ponti-

333 890 524 951 ficem
572 890 805 953 deinde
854 890 1141 952 Numam
1191 890 1526 967 Marcium,
1579 890 1779 951 Marci
1827 890 2051 966 filium,
2102 910 2185 952 ex
2231 890 2433 971 patri-

333 988 461 1050 bus
530 989 702 1069 legit,
775 989 963 1070 eique
1031 1008 1214 1052 sacra
1281 990 1502 1052 omnia
1568 990 1897 1069 exscripta
1962 990 2432 1075 exsignataque

332 1088 663 1165 attribuit,
707 1090 945 1170 quibus
985 1089 1233 1165 hostiiS,
1277 1090 1515 1169 quibus
1554 1089 1803 1165 diebuS,
1847 1088 1930 1153 ad
1974 1109 2142 1170 quae
2183 1089 2432 1170 templa

331 1206 521 1251 sacra
595 1189 844 1266 fierent,
923 1196 1123 1270 atque
1157 1200 1162 1208 '
1197 1190 1372 1251 unde
1447 1188 1516 1251 in
1591 1208 1701 1251 eos
1775 1196 2081 1268 sumptus
2156 1188 2433 1268 pecunia

263 1299 294 1342 6
329 1296 726 1368 erogaretur.
815 1290 1044 1353 Cetera
1111 1308 1371 1369 quoque
1437 1287 1659 1353 omnia
1725 1289 1987 1369 publica
2042 1288 2432 1370 privataque

331 1407 522 1451 sacra
568 1388 895 1468 pontificis
942 1387 1122 1451 scitis
1168 1388 1462 1464 subiecit,
1514 1395 1591 1451 ut
1638 1396 1827 1466 esset,
1880 1410 2011 1469 quo
2060 1387 2431 1452 consultum

266 1598 296 1641 ⁷
331 1587 502 1651 ritus
572 1588 1070 1669 peregrinosque
1141 1588 1557 1651 adsciscendo
1629 1590 2031 1667 turbaretur;
2104 1608 2220 1652 nec
2292 1608 2433 1651 cae-

334 1688 530 1751 lestes
599 1688 792 1750 modo
865 1687 1305 1763 caerimoniaS,
1377 1688 1490 1749 sed
1560 1686 1735 1751 iusta
1804 1707 2064 1769 quoque
2134 1688 2432 1751 funebria

332 1786 820 1868 placandosque
858 1806 1082 1851 manes
1115 1794 1194 1851 ut
1230 1787 1402 1849 idem
1440 1786 1739 1867 pontifex
1773 1788 2093 1863 edoceret,
2132 1807 2431 1869 quaeque

333 1886 630 1967 prodigia
673 1885 1055 1949 fulminibus
1097 1887 1305 1951 aliove
1349 1907 1481 1968 quo
1526 1888 1669 1950 visu
1715 1888 1911 1950 missa
1954 1888 2433 1967 susciperentur

333 1993 538 2067 atque
575 1995 973 2050 curarentur.
1063 1986 1166 2050 Ad
1212 2006 1290 2050 ea
1335 1986 1650 2050 elicienda
1695 2007 1778 2049 ex
1824 1987 2155 2050 mentibus
2193 1986 2431 2049 divinis

335 2086 498 2149 Iovi'
537 2085 738 2150 Elicio
791 2107 972 2150 aram
1024 2085 1092 2149 in
1144 2087 1473 2149 Aventino
1525 2086 1773 2150 dicavit
1814 2078 2151 2167 'deumque
2204 2106 2433 2149 consu-

333 2187 455 2250 luit
495 2187 798 2267 auguriis,
839 2207 1008 2268 quae
1043 2187 1454 2266 suscipienda
1490 2194 1726 2250 essent.

268 2297 290 2339 1
455 2287 650 2349 XXI.
700 2285 801 2349 Ad
872 2288 1029 2350 haec
1100 2286 1531 2350 consultanda
1595 2287 2132 2377 procurandaque
2213 2288 2432 2351 multi-

330 2385 563 2449 tudine
612 2386 790 2449 omni
840 2407 879 2449 a
928 2386 994 2447 vi
1042 2393 1114 2450 et·
1160 2386 1355 2449 armis
1405 2407 1736 2463 conversa,
1788 2395 1854 2451 et
1921 2388 2147 2450 animi·
2185 2387 2429 2467 aliquid

331 2485 586 2565 agendo
621 2486 924 2564 occupati
958 2493 1166 2562 erant,
1203 2492 1272 2549 et
1307 2485 1578 2550 deorum
1622 2487 1896 2550 adsidua
1931 2488 2216 2550 insidens
2252 2507 2427 2562 cura,

331 2604 479 2647 cum
510 2584 816 2648 interesse
844 2586 1036 2648 rebus
1063 2585 1366 2648 humanis
1394 2587 1667 2650 caeleste
1704 2607 1947 2650 numen
1976 2587 2323 2663 videretur,
2353 2607 2430 2649 ea

329 2685 580 2763 pietate
618 2685 911 2748 omnium
951 2693 1215 2764 pectora
1254 2685 1602 2762 imbuerat,
1643 2694 1720 2749 ut
1761 2687 1921 2748 fides
1961 2707 2033 2749 ac
2074 2687 2175 2748 ius
2213 2687 2430 2749 iuran-

391 2857 439 2898 4.
475 2851 673 2898 Salios:
707 2857 782 2898 for
813 2853 899 2898 the
921 2856 1151 2905 meaning
1171 2857 1224 2898 or
1244 2856 1330 2900 the

328 2931 487 2970 name.
527 2922 592 2963 ct.
627 2921 801 2963 saltatu
844 2921 1015 2964 below.
1076 2922 1328 2965 tunicae:

329 2997 498 3038 appos.
524 2991 580 3030 to
602 2987 805 3038 insinno.
872 2988 1099 3032 ancilia:
1131 2989 1329 3032 accord-

327 3053 411 3104 ing
439 3057 494 3096 to
526 3053 766 3097 tradition
789 3065 819 3096 a
841 3055 1009 3098 sacred
1045 3055 1199 3099 shield
1227 3055 1326 3098 had

329 3119 474 3162 fallen
504 3121 632 3162 {rom
653 3121 858 3170 heaven.
879 3133 910 3164 a
923 3122 1076 3165 token
1090 3123 1142 3164 of
1165 3133 1328 3174 power

329 3186 404 3228 for
438 3187 598 3230 Rome
635 3187 779 3231 whsse
827 3189 878 3230 in
918 3189 1005 3232 her
1037 3190 1324 3241 possession.

331 3251 491 3296 Numa
505 3254 749 3306 shrewdly
757 3254 856 3296 had
867 3254 1036 3297 eleven
1051 3255 1327 3308 duplicates

329 3320 470 3363 made
509 3325 564 3364 to
603 3321 760 3365 lessen
799 3321 886 3364 the
925 3322 1133 3364 chauces
1171 3324 1224 3365 of
1261 3323 1327 3365 its

329 3386 472 3438 being
496 3388 609 3431 lost.
675 3389 965 3431 canentes:
997 3389 1325 3440 “chanting.”

329 3453 482 3498 These
527 3455 728 3498 Saliaric
773 3455 968 3506 hymns‚
1017 3465 1154 3499 some
1199 3457 1327 3506 frag-

329 3525 488 3564 ments
537 3522 590 3564 of
639 3521 800 3563 which
849 3531 932 3564 are
983 3521 1081 3564 still
1133 3525 1323 3572 extant,

328 3597 450 3631 were
473 3593 560 3632 not
586 3588 888 3632 understood
914 3598 1038 3631 even
1063 3588 1130 3640 by
1158 3589 1327 3640 Livy’s

327 3657 751 3708 contemporaries.

389 3723 437 3765 5.
447 3722 720 3774 exscripta
731 3722 1134 3774 exsignataque
1145 3731 1158 3765 ε
1173 3722 1326 3774 “duly

329 3787 494 3841 copied
549 3789 648 3834 and
704 3788 918 3833 scaled.'’
975 3788 1077 3832 The
1111 3793 1323 3840 greatest

1431 2865 1671 2906 accur-acy
1705 2865 1806 2897 was
1841 2864 2097 2907 necessary
2132 2855 2182 2897 in
2218 2854 2306 2898 the
2347 2855 2431 2898 de-

1428 2923 1545 2965 tails
1594 2924 1646 2964 of
1696 2934 1725 2964 a
1777 2923 1953 2965 formal
2016 2923 2243 2974 worship,
2316 2923 2426 2966 that

1427 2989 1490 3031 he
1532 2990 1689 3040 might
1733 2991 1893 3040 know,
1945 3001 1987 3034 e.
2018 3000 2079 3040 g..
2131 2990 2253 3033 with
2292 2990 2427 3033 what

1425 3057 1637 3106 victims,
1674 3061 1767 3100 etc.

1493 3125 1540 3166 e.
1574 3132 1711 3174 quo:
1741 3142 1783 3157 ==
1810 3125 1868 3173 is,
1932 3125 1997 3167 ad
2056 3134 2207 3176 quem.

1425 3190 1671 3233 tultum:
1705 3192 1893 3243 supine.

1490 3259 1539 3300 ⁰1.
1573 3256 1753 3302 aliove
1787 3287 1800 3300 .
1834 3287 1848 3300 .
1882 3287 1895 3300 .
1924 3258 2077 3302 visu:
2108 3259 2202 3302 “or
2230 3258 2299 3310 by
2328 3270 2425 3310 any

1425 3324 1567 3367 other
1598 3325 2020 3368 manifestation.’'
2145 3359 2149 3362 .

1490 3391 1636 3434 XXI.
1672 3392 1719 3433 1.
1755 3391 1988 3434 adsidua
2003 3393 2252 3436 insidens
2268 3401 2425 3436 cura:

1427 3457 1714 3507 “constant,
1758 3459 1821 3500 all
1861 3459 2125 3510 absorbing
2162 3460 2424 3512 worship.”

1426 3523 1563 3567 fides
1609 3532 1674 3567 ac
1718 3524 1808 3568 ius
1854 3525 2186 3569 iurandum:
2232 3538 2263 3569 a
2307 3527 2423 3578 high

1425 3602 1565 3634 sense
1606 3592 1659 3633 of
1700 3591 1870 3640 honor,
1916 3603 2029 3635 seen
2072 3593 2332 3644 especially
2372 3595 2424 3635 in

1426 3659 1554 3700 their
1582 3657 1755 3708 regard
1786 3659 1861 3700 for
1889 3659 2018 3702 their
2046 3659 2205 3702 oaths.
2269 3668 2424 3711 prox-

1423 3723 1542 3766 imo
1584 3752 1597 3766 .
1641 3753 1654 3766 .
1698 3753 1711 3766 .
1750 3724 1935 3768 metu:
1974 3725 2069 3767 abl.
2110 3725 2214 3768 abS.
2287 3726 2423 3775 They

1423 3800 1551 3836 were
1570 3790 1707 3834 ruled
1732 3791 1801 3842 by
1824 3792 2034 3835 motives
2058 3793 2109 3834 of
2132 3792 2275 3842 right,
2304 3790 2423 3834 with

2300 3132 2429 3168 oon-
