2925 4375
421 251 493 305 94
529 244 541 257 ’
1330 246 1399 303 Τ.
1435 246 1598 303 LIVI
2234 250 2451 317 [xxxvi.
2489 254 2523 308 5

352 440 385 483 ⁶
417 431 900 512 expedirentur.
993 428 1162 492 Nam
1202 437 1660 511 praeterquam
1715 430 1890 511 quod
1945 432 2012 493 in
2065 434 2308 513 populo
2361 434 2517 497 nihil

418 542 557 595 erat
603 529 911 610 praesidii
952 528 1215 592 sublata
1258 531 1742 609 provocatione,
1789 531 2314 596 intercessionem
2359 554 2517 614 quo-

420 652 546 711 que
592 650 907 693 consensu
951 628 1373 704 sustulerant,
1422 649 1571 691 cum
1617 630 1860 708 priores
1904 629 2253 693 decemviri
2301 633 2518 713 appel-

421 730 662 792 latione
714 727 993 807 collegae
1043 728 1269 805 corrigi
1319 727 1578 790 reddita
1628 727 1712 790 ab
1759 748 1828 791 se
1878 728 2022 791 iura
2069 729 2393 808 tulissent,
2443 738 2526 797 et·

421 828 765 910 quaedam,
818 847 987 908 quae
1038 828 1138 891 sui
1190 827 1411 889 indicii
1463 827 1670 889 videri
1721 835 2008 907 possent,
2065 829 2148 892 ad
2201 830 2516 910 populum

418 929 805 991 reiecissent.

354 1040 383 1083 7
544 1027 966 1107 Aliquamdiu
1020 1035 1339 1107 aequatus
1391 1028 1564 1090 inter
1613 1047 1840 1091 omnes
1891 1035 2099 1092 terror
2152 1030 2306 1107 fun-,3
2358 1051 2517 1111 pau-

417 1128 603 1191 latim
660 1134 842 1190 totus
899 1134 1150 1189 vertere
1205 1129 1272 1189 in
1328 1127 1584 1206 plebem
1642 1129 1875 1207 coepit.
1967 1129 2441 1193 Abstinebatur
2478 1152 2518 1194 a

416 1228 714 1308 patribus
724 1248 740 1304 3
814 1226 883 1289 in
957 1226 1327 1289 humiliores
1402 1227 1742 1289 libidinose
1816 1227 2292 1309 crudeliterque
2368 1252 2517 1293 con-

415 1327 769 1390 sulebatur.
855 1326 1235 1402 Hominum,
1266 1347 1399 1388 non
1438 1347 1782 1389 causarum
1821 1328 1949 1390 toti
1985 1336 2195 1404 erant,
2222 1336 2298 1392 ut
2338 1329 2511 1409 apud

351 1439 382 1482 8
415 1449 579 1508 quos
613 1428 825 1505 gratia
852 1426 986 1487 vim
1020 1426 1209 1505 aequi
1243 1426 1532 1489 haberet.
1624 1425 1876 1489 Iudicia
1907 1426 2086 1489 domi
2119 1429 2511 1505 conflabant,

415 1527 934 1607 pronuntiabant
984 1526 1051 1588 in
1100 1526 1259 1589 foro.
1351 1527 1416 1588 Si
1453 1526 1598 1605 quis
1634 1525 1943 1605 collegam
1982 1528 2392 1606 appellasset,
2433 1530 2514 1592 ab

415 1647 511 1702 e0,
561 1628 643 1690 ad
689 1645 886 1705 quem
932 1632 1219 1700 venerat,
1267 1625 1365 1687 ita
1407 1626 1804 1700 discedebat,
1851 1632 1928 1689 ut
1973 1626 2337 1706 paeniteret
2381 1650 2512 1691 non

350 1745 382 1789 9
416 1727 645 1808 prioris
676 1726 937 1788 decreto
960 1726 1234 1787 stetisse.
1313 1726 1549 1805 Opinio
1573 1726 1772 1787 etiam
1803 1727 1943 1788 sine
1975 1734 2238 1790 auctore
2268 1729 2513 1791 exierat

417 1848 549 1889 non
615 1827 684 1888 in
751 1826 1108 1905 praesentis
1176 1825 1370 1887 modo
1439 1825 1752 1904 temporis
1817 1846 1928 1888 eos
1995 1826 2298 1889 iniuriam
2367 1849 2515 1891 con-

416 1927 712 2006 spirasse,
746 1925 858 1988 sed
893 1925 1121 1987 foedus
1154 1924 1632 1987 clandestinum
1664 1925 1834 1987 inter
1865 1926 2040 2005 ipsos
2071 1926 2209 1989 iure
2240 1927 2513 1990 iurando

417 2026 641 2102 ictum,
703 2046 784 2087 ne
843 2025 1107 2087 comitia
1165 2024 1501 2099 haberent,
1563 2032 2010 2105 perpetuoque
2068 2026 2514 2091 decemviratu

416 2146 783 2208 possessum
822 2125 1019 2189 semel
1057 2125 1429 2188 obtinerent
1469 2124 1834 2204 imperium.

354 2249 378 2291 1
542 2227 900 2289 XXXVII.
949 2226 1502 2303 Circumspectare
1573 2232 1717 2287 tum
1802 2226 2225 2305 patriciorum
2291 2227 2516 2293 vultus

416 2326 645 2408 plebei,
676 2332 743 2388 et
788 2325 938 2387 inde
975 2325 1293 2387 libertatis
1330 2331 1596 2404 captare
1637 2345 1882 2400 auram,
1907 2325 2082 2388 unde
2125 2327 2514 2390 servitutem

417 2427 709 2490 timendo
786 2425 854 2488 in
938 2444 1088 2487 eum
1154 2431 1404 2486 statum
1476 2445 1611 2486 rem
1681 2424 2010 2504 publicam
2079 2425 2511 2491 adduxerant.

353 2549 382 2590 2
418 2526 736 2588 Primores
781 2532 1046 2605 patrum
1093 2524 1303 2586 odisse
1338 2524 1758 2599 decemvirOS,
1798 2525 2007 2588 odisse
2060 2524 2316 2606 plebem
2327 2548 2343 2604 ;
2397 2548 2512 2591 nec

417 2626 710 2706 probare,
749 2645 918 2705 quae
953 2624 1201 2698 fierent,
1232 2630 1299 2686 et
1336 2624 1593 2686 credere
1644 2624 1820 2686 haud
1872 2625 2153 2705 indignis
2199 2627 2487 2691 accidere
2498 2649 2514 2705 ς

419 2726 609 2789 avide
652 2725 900 2787 ruendo
938 2724 1021 2788 ad
1064 2724 1434 2786 libertatem
1473 2723 1541 2784 in
1575 2724 1963 2787 servitutem
1999 2725 2252 2806 elapsos
2288 2727 2515 2792 iuvare

352 2849 383 2891 3
416 2825 611 2901 nolle;
658 2823 987 2888 cumulare
1037 2844 1298 2903 quoque
1349 2823 1635 2898 iniurias,
1676 2830 1752 2886 ut
1804 2825 2021 2887 taedio
2073 2827 2514 2906 praesentium

418 2925 709 2988 consules
759 2925 889 2987 duo
940 2923 1209 2986 tandem
1260 2929 1327 2985 et
1376 2929 1593 2985 status
1638 2924 1950 3002 pristinus
1986 2945 2200 2987 rerum
2246 2927 2314 2988 in
2349 2926 2515 2990 desi-

416 3025 666 3088 derium
708 3025 993 3086 veniant.
2473 3013 2482 3025 '

478 3177 527 3218 e.
561 3183 695 3219 cum
723 3205 736 3218 .
765 3204 777 3217 .
806 3205 820 3217 .
844 3173 1132 3217 tulissent:
1158 3173 1414 3217 “whereas

416 3244 501 3287 the
541 3244 721 3285 former
761 3242 1031 3284 decemvirs
1070 3241 1168 3283 had
1210 3241 1412 3283 allowed

1517 3172 1764 3217 decemvir
1789 3177 1844 3217 to
1871 3175 2078 3217 another
2100 3177 2194 3224 (34.
2212 3177 2281 3227 8).
2308 3177 2396 3220 but
2424 3182 2516 3221 not

1518 3245 1570 3284 to
1609 3241 1694 3284 the
1733 3242 1908 3293 people
1951 3244 2045 3291 (36.
2085 3243 2155 3293 4).
2226 3251 2343 3286 non
2385 3273 2399 3287 .
2442 3273 2456 3287 .

418 3311 544 3353 their
595 3309 779 3359 rulings
829 3312 883 3351 to
934 3308 996 3350 be
1046 3308 1293 3350 corrected
1346 3308 1415 3360 by

416 3377 591 3429 appeal
615 3381 667 3418 to
690 3387 720 3418 a
742 3375 1038 3426 coneague.”

478 3447 527 3487 7.
561 3443 878 3486 ubldlnose:
1041 3442 1415 3494 “arbitrarlly.”

415 3511 756 3556 Hominum:
808 3520 936 3560 pose.
980 3520 1087 3558 gen.
1139 3509 1260 3552 with
1312 3511 1416 3559 toti,-

418 3579 536 3629 they
558 3588 683 3619 were
704 3576 885 3627 wholly
910 3576 1215 3627 “respecters
1237 3577 1288 3618 of
1310 3588 1416 3627 per-

416 3644 581 3687 sons.’'
672 3644 879 3694 gratia:
940 3642 1216 3694 “powerful
1273 3643 1417 3687 influ-

416 3711 583 3754 ence.”

479 3778 529 3819 8.
563 3776 920 3827 appellasset:
952 3776 1196 3819 iterative.
1262 3776 1417 3819 There

415 3855 515 3889 was
555 3844 641 3886 the
680 3843 809 3895 right
850 3843 902 3885 of
941 3842 1117 3896 appeal
1158 3843 1284 3886 from
1324 3853 1417 3888 one

1515 3307 1760 3351 stetisse:
1797 3309 1948 3351 “that
1985 3309 2047 3352 he
2079 3309 2177 3351 had
2211 3315 2300 3353 not
2335 3311 2514 3354 abided

1516 3375 1584 3426 by
1614 3375 1699 3417 the
1729 3374 1942 3417 decision
1974 3377 2026 3418 of
2057 3376 2142 3419 the
2170 3377 2274 3419 first
2305 3377 2450 3420 one.’'

1579 3442 1849 3485 XXXVII.
1898 3443 1946 3484 1.
1992 3442 2196 3493 plebel:
2235 3461 2279 3476 =
2324 3445 2519 3495 plebeii,-

1517 3510 1709 3560 subject
1741 3511 1792 3552 ot
1822 3510 1907 3552 the
1937 3510 2050 3552 hist.
2083 3510 2172 3553 int.

1577 3578 1628 3619 2.
1663 3577 1818 3620 haud
1856 3577 2130 3627 indloems:
2169 3577 2248 3621 Le.
2289 3579 2376 3622 the
2416 3579 2517 3631 ple-

1516 3643 1657 3686 bians
1695 3643 1927 3686 deserved
1965 3645 2004 3686 it
2044 3643 2126 3687 all.
2195 3643 2435 3696 elapsos:
2464 3664 2508 3679 =

1517 3721 1604 3758 eos,
1637 3710 1721 3760 qui
1749 3711 1901 3761 elapsi
1928 3711 2075 3755 erant.

1579 3779 1628 3819 3.
1661 3777 1723 3819 ln
1823 3777 2161 3821 desiderium
2255 3779 2514 3825 vomant:

1520 3844 1698 3888 “come
1727 3847 1780 3887 to
1809 3843 1871 3889 be
1899 3843 2138 3891 desired.”
